<?xml version="1.0" encoding="UTF-8"?>
<!DOCTYPE html PUBLIC "-//W3C//DTD XHTML 1.0 Transitional//EN"
    "http://www.w3.org/TR/xhtml1/DTD/xhtml1-transitional.dtd">
<html xmlns="http://www.w3.org/1999/xhtml" xml:lang="en" lang="en">
 <head>
  <title>
</title>
<meta http-equiv="Content-Type" content="text/html;charset=utf-8" />
  <meta name='ocr-system' content='tesseract 3.04.00' />
  <meta name='ocr-capabilities' content='ocr_page ocr_carea ocr_par ocr_line ocrx_word'/>
</head>
<body>
  <div class='ocr_page' id='page_1' title='image "./satirae16adoptim01juveuoft/satirae16adoptim01juveuoft_0443.png"; bbox 0 0 1759 3029; ppageno 0'>
   <div class='ocr_carea' id='block_1_1' title="bbox 582 218 1112 275">
    <p class='ocr_par' dir='ltr' id='par_1_1' title="bbox 582 218 1112 275">
     <span class='ocr_line' id='line_1_1' title="bbox 582 218 1112 275; baseline -0.002 -16"><span class='ocrx_word' id='word_1_1' title='bbox 582 218 925 275; x_wconf 65' lang='lat' dir='ltr'><strong>SATIRA</strong></span> <span class='ocrx_word' id='word_1_2' title='bbox 998 220 1112 260; x_wconf 77' lang='lat' dir='ltr'>xii.</span> 
     </span>
    </p>
   </div>
   <div class='ocr_carea' id='block_1_2' title="bbox 1463 222 1546 265">
    <p class='ocr_par' dir='ltr' id='par_1_2' title="bbox 1463 222 1546 265">
     <span class='ocr_line' id='line_1_2' title="bbox 1463 222 1546 265; baseline 0.012 -1"><span class='ocrx_word' id='word_1_3' title='bbox 1463 222 1546 265; x_wconf 80' lang='lat'>235</span> 
     </span>
    </p>
   </div>
   <div class='ocr_carea' id='block_1_3' title="bbox 158 334 1545 668">
    <p class='ocr_par' dir='ltr' id='par_1_3' title="bbox 158 334 1545 462">
     <span class='ocr_line' id='line_1_3' title="bbox 159 334 1545 393; baseline 0.004 -16"><span class='ocrx_word' id='word_1_4' title='bbox 159 334 246 379; x_wconf 84' lang='lat' dir='ltr'>Sed</span> <span class='ocrx_word' id='word_1_5' title='bbox 276 339 375 392; x_wconf 85' lang='lat' dir='ltr'>quis</span> <span class='ocrx_word' id='word_1_6' title='bbox 411 351 533 378; x_wconf 88' lang='lat' dir='ltr'>nunc</span> <span class='ocrx_word' id='word_1_7' title='bbox 569 336 705 388; x_wconf 74' lang='lat' dir='ltr'>alius,</span> <span class='ocrx_word' id='word_1_8' title='bbox 740 350 828 392; x_wconf 81' lang='lat' dir='ltr'>qua</span> <span class='ocrx_word' id='word_1_9' title='bbox 869 338 1032 378; x_wconf 85' lang='lat' dir='ltr'>mundi</span> <span class='ocrx_word' id='word_1_10' title='bbox 1073 344 1229 393; x_wconf 70' lang='lat' dir='ltr'>parte,</span> <span class='ocrx_word' id='word_1_11' title='bbox 1271 341 1369 393; x_wconf 88' lang='lat' dir='ltr'>quis</span> <span class='ocrx_word' id='word_1_12' title='bbox 1409 340 1545 382; x_wconf 81' lang='lat' dir='ltr'>audet</span> 
     </span>
     <span class='ocr_line' id='line_1_4' title="bbox 158 403 1327 462; baseline 0.002 -16"><span class='ocrx_word' id='word_1_13' title='bbox 158 403 368 461; x_wconf 74' lang='lat' dir='ltr'>Argento</span> <span class='ocrx_word' id='word_1_14' title='bbox 402 403 635 462; x_wconf 81' lang='lat' dir='ltr'>praeferre</span> <span class='ocrx_word' id='word_1_15' title='bbox 669 413 806 462; x_wconf 81' lang='lat' dir='ltr'>caput</span> <span class='ocrx_word' id='word_1_16' title='bbox 838 405 1064 460; x_wconf 78' lang='lat' dir='ltr'>rebusque</span> <span class='ocrx_word' id='word_1_17' title='bbox 1100 405 1327 448; x_wconf 73' lang='lat' dir='ltr'>salutem?</span> 
     </span>
    </p>

    <p class='ocr_par' dir='ltr' id='par_1_4' title="bbox 158 472 1543 668">
     <span class='ocr_line' id='line_1_5' title="bbox 158 472 1543 530; baseline 0.003 -17"><span class='ocrx_word' id='word_1_18' title='bbox 158 473 304 514; x_wconf 57' lang='lat' dir='ltr'>*Non</span> <span class='ocrx_word' id='word_1_19' title='bbox 332 480 526 530; x_wconf 85' lang='lat' dir='ltr'>propter</span> <span class='ocrx_word' id='word_1_20' title='bbox 556 476 695 515; x_wconf 80' lang='lat' dir='ltr'>vitam</span> <span class='ocrx_word' id='word_1_21' title='bbox 731 472 905 516; x_wconf 81' lang='lat' dir='ltr'>faciunt</span> <span class='ocrx_word' id='word_1_22' title='bbox 938 476 1213 530; x_wconf 81' lang='lat' dir='ltr'>patrimonia</span> <span class='ocrx_word' id='word_1_23' title='bbox 1247 476 1445 530; x_wconf 82' lang='lat' dir='ltr'>quidam,</span> <span class='ocrx_word' id='word_1_24' title='bbox 1479 477 1543 520; x_wconf 86' lang='lat'>50</span> 
     </span>
     <span class='ocr_line' id='line_1_6' title="bbox 159 539 1323 599; baseline 0.003 -19"><span class='ocrx_word' id='word_1_25' title='bbox 159 539 280 582; x_wconf 64' lang='lat' dir='ltr'>*Sed</span> <span class='ocrx_word' id='word_1_26' title='bbox 314 544 426 583; x_wconf 75' lang='lat' dir='ltr'>vitio</span> <span class='ocrx_word' id='word_1_27' title='bbox 461 545 578 582; x_wconf 85' lang='lat' dir='ltr'>caeci</span> <span class='ocrx_word' id='word_1_28' title='bbox 612 550 805 599; x_wconf 80' lang='lat' dir='ltr'>propter</span> <span class='ocrx_word' id='word_1_29' title='bbox 838 545 1115 598; x_wconf 80' lang='lat' dir='ltr'>patrimonia</span> <span class='ocrx_word' id='word_1_30' title='bbox 1148 544 1323 584; x_wconf 84' lang='lat' dir='ltr'>vivunt.</span> 
     </span>
     <span class='ocr_line' id='line_1_7' title="bbox 159 607 1415 668; baseline 0.002 -19"><span class='ocrx_word' id='word_1_31' title='bbox 159 607 361 652; x_wconf 79' lang='lat' dir='ltr'>Iactatur</span> <span class='ocrx_word' id='word_1_32' title='bbox 399 624 556 651; x_wconf 83' lang='lat' dir='ltr'>rerum</span> <span class='ocrx_word' id='word_1_33' title='bbox 595 611 781 653; x_wconf 80' lang='lat' dir='ltr'>utilium</span> <span class='ocrx_word' id='word_1_34' title='bbox 815 625 920 668; x_wconf 84' lang='lat' dir='ltr'>pars</span> <span class='ocrx_word' id='word_1_35' title='bbox 956 613 1178 652; x_wconf 75' lang='lat' dir='ltr'>maxima:</span> <span class='ocrx_word' id='word_1_36' title='bbox 1221 611 1298 652; x_wconf 87' lang='lat' dir='ltr'>sed</span> <span class='ocrx_word' id='word_1_37' title='bbox 1333 626 1415 653; x_wconf 88' lang='lat' dir='ltr'>neo</span> 
     </span>
    </p>
   </div>
   <div class='ocr_carea' id='block_1_4' title="bbox 155 673 558 720">
    <p class='ocr_par' dir='ltr' id='par_1_5' title="bbox 155 673 558 720">
     <span class='ocr_line' id='line_1_8' title="bbox 155 673 558 720; baseline 0.005 -3"><span class='ocrx_word' id='word_1_38' title='bbox 155 673 338 719; x_wconf 79' lang='lat' dir='ltr'>Damna</span> <span class='ocrx_word' id='word_1_39' title='bbox 391 679 558 720; x_wconf 78' lang='lat' dir='ltr'>levant.</span> 
     </span>
    </p>
   </div>
   <div class='ocr_carea' id='block_1_5' title="bbox 627 677 1543 735">
    <p class='ocr_par' dir='ltr' id='par_1_6' title="bbox 627 677 1543 735">
     <span class='ocr_line' id='line_1_9' title="bbox 627 677 1543 735; baseline 0.003 -15"><span class='ocrx_word' id='word_1_40' title='bbox 627 677 784 732; x_wconf 80' lang='lat' dir='ltr'>Tunc,</span> <span class='ocrx_word' id='word_1_41' title='bbox 831 680 1027 720; x_wconf 80' lang='lat' dir='ltr'>adversis</span> <span class='ocrx_word' id='word_1_42' title='bbox 1067 679 1392 735; x_wconf 77' lang='lat' dir='ltr'>urguentibus,</span> <span class='ocrx_word' id='word_1_43' title='bbox 1432 680 1543 723; x_wconf 81' lang='lat' dir='ltr'>illuc</span> 
     </span>
    </p>
   </div>
   <div class='ocr_carea' id='block_1_6' title="bbox 156 743 1325 801">
    <p class='ocr_par' dir='ltr' id='par_1_7' title="bbox 156 743 1325 801">
     <span class='ocr_line' id='line_1_10' title="bbox 156 743 1325 801; baseline 0.001 -14"><span class='ocrx_word' id='word_1_44' title='bbox 156 743 359 800; x_wconf 80' lang='lat' dir='ltr'>Recidit,</span> <span class='ocrx_word' id='word_1_45' title='bbox 388 754 442 787; x_wconf 88' lang='lat' dir='ltr'>ut</span> <span class='ocrx_word' id='word_1_46' title='bbox 473 747 649 789; x_wconf 86' lang='lat' dir='ltr'>malum</span> <span class='ocrx_word' id='word_1_47' title='bbox 680 746 805 789; x_wconf 85' lang='lat' dir='ltr'>ferro</span> <span class='ocrx_word' id='word_1_48' title='bbox 841 747 1156 801; x_wconf 81' lang='lat' dir='ltr'>submitteret,</span> <span class='ocrx_word' id='word_1_49' title='bbox 1199 762 1250 789; x_wconf 82' lang='lat' dir='ltr'>ac</span> <span class='ocrx_word' id='word_1_50' title='bbox 1279 763 1325 789; x_wconf 84' lang='lat' dir='ltr'>se</span> 
     </span>
    </p>
   </div>
   <div class='ocr_carea' id='block_1_7' title="bbox 158 888 820 979">
    <p class='ocr_par' dir='ltr' id='par_1_8' title="bbox 158 888 820 979">
     <span class='ocr_line' id='line_1_11' title="bbox 158 888 820 931; baseline 0.002 -11"><span class='ocrx_word' id='word_1_51' title='bbox 158 888 291 920; x_wconf 79' lang='lat' dir='ltr'>niosius</span> <span class='ocrx_word' id='word_1_52' title='bbox 304 888 393 919; x_wconf 81' lang='lat' dir='ltr'>forte</span> <span class='ocrx_word' id='word_1_53' title='bbox 409 899 515 931; x_wconf 85' lang='lat' dir='ltr'>quam</span> <span class='ocrx_word' id='word_1_54' title='bbox 533 889 668 930; x_wconf 70' lang='lat' dir='ltr'>veriu53</span> <span class='ocrx_word' id='word_1_55' title='bbox 694 888 820 921; x_wconf 81' lang='lat' dir='ltr'>H.Va-</span> 
     </span>
     <span class='ocr_line' id='line_1_12' title="bbox 158 943 820 979; baseline 0.005 -3"><span class='ocrx_word' id='word_1_56' title='bbox 158 943 223 976; x_wconf 79' lang='lat' dir='ltr'>les.</span> <span class='ocrx_word' id='word_1_57' title='bbox 262 943 416 978; x_wconf 80' lang='lat' dir='ltr'>Praestat</span> <span class='ocrx_word' id='word_1_58' title='bbox 433 952 551 978; x_wconf 80' lang='lat' dir='ltr'>autem</span> <span class='ocrx_word' id='word_1_59' title='bbox 575 952 608 977; x_wconf 91' lang='lat' dir='ltr'>et</span> <span class='ocrx_word' id='word_1_60' title='bbox 627 948 820 979; x_wconf 84' lang='lat' dir='ltr'>auctorita-</span> 
     </span>
    </p>
   </div>
   <div class='ocr_carea' id='block_1_8' title="bbox 158 1002 526 1034">
    <p class='ocr_par' dir='ltr' id='par_1_9' title="bbox 158 1002 526 1034">
     <span class='ocr_line' id='line_1_13' title="bbox 158 1002 526 1034; baseline 0.005 -2"><span class='ocrx_word' id='word_1_61' title='bbox 158 1002 203 1033; x_wconf 85' lang='lat' dir='ltr'>tis</span> <span class='ocrx_word' id='word_1_62' title='bbox 222 1009 255 1033; x_wconf 86' lang='lat' dir='ltr'>et</span> <span class='ocrx_word' id='word_1_63' title='bbox 272 1013 391 1034; x_wconf 85' lang='lat' dir='ltr'>sensus</span> <span class='ocrx_word' id='word_1_64' title='bbox 413 1013 526 1034; x_wconf 84' lang='lat' dir='ltr'>causa.</span> 
     </span>
    </p>
   </div>
   <div class='ocr_carea' id='block_1_9' title="bbox 158 1088 823 1258">
    <p class='ocr_par' dir='ltr' id='par_1_10' title="bbox 158 1088 823 1258">
     <span class='ocr_line' id='line_1_14' title="bbox 184 1088 821 1136; baseline 0.002 -12"><span class='ocrx_word' id='word_1_65' title='bbox 184 1092 261 1125; x_wconf 79' lang='lat'><strong>-48.</strong></span> <span class='ocrx_word' id='word_1_66' title='bbox 285 1092 421 1136; x_wconf 79' lang='lat' dir='ltr'><em>Ecquis</em></span> <span class='ocrx_word' id='word_1_67' title='bbox 438 1101 535 1124; x_wconf 80' lang='lat' dir='ltr'>nunc</span> <span class='ocrx_word' id='word_1_68' title='bbox 560 1088 657 1123; x_wconf 77' lang='lat' dir='ltr'>alius</span> <span class='ocrx_word' id='word_1_69' title='bbox 680 1092 821 1125; x_wconf 87' lang='lat' dir='ltr'>emend.</span> 
     </span>
     <span class='ocr_line' id='line_1_15' title="bbox 158 1147 823 1192; baseline 0 -10"><span class='ocrx_word' id='word_1_70' title='bbox 158 1148 295 1190; x_wconf 87' lang='lat' dir='ltr'>Iacobs‚</span> <span class='ocrx_word' id='word_1_71' title='bbox 313 1151 395 1191; x_wconf 86' lang='lat' dir='ltr'>quia</span> <span class='ocrx_word' id='word_1_72' title='bbox 415 1151 452 1180; x_wconf 89' lang='lat' dir='ltr'>in</span> <span class='ocrx_word' id='word_1_73' title='bbox 462 1148 514 1180; x_wconf 90' lang='lat' dir='ltr'>his</span> <span class='ocrx_word' id='word_1_74' title='bbox 526 1147 639 1179; x_wconf 81' lang='lat' dir='ltr'>verbis</span> <span class='ocrx_word' id='word_1_75' title='bbox 654 1156 688 1180; x_wconf 81' lang='lat' dir='ltr'>et</span> <span class='ocrx_word' id='word_1_76' title='bbox 709 1161 823 1192; x_wconf 77' lang='lat' dir='ltr'>praeo-</span> 
     </span>
     <span class='ocr_line' id='line_1_16' title="bbox 158 1205 669 1258; baseline -0.004 -19"><span class='ocrx_word' id='word_1_77' title='bbox 158 1208 260 1258; x_wconf 72' lang='lat' dir='ltr'>nulla</span> <span class='ocrx_word' id='word_1_78' title='bbox 284 1206 388 1249; x_wconf 85' lang='lat' dir='ltr'>plane</span> <span class='ocrx_word' id='word_1_79' title='bbox 412 1207 457 1237; x_wconf 84' lang='lat' dir='ltr'>sit</span> <span class='ocrx_word' id='word_1_80' title='bbox 482 1205 669 1248; x_wconf 70' lang='lat' dir='ltr'>oppositio,</span> 
     </span>
    </p>
   </div>
   <div class='ocr_carea' id='block_1_10' title="bbox 160 1284 834 2750">
    <p class='ocr_par' dir='ltr' id='par_1_11' title="bbox 160 1284 834 2750">
     <span class='ocr_line' id='line_1_17' title="bbox 211 1284 824 1332; baseline 0.008 -17"><span class='ocrx_word' id='word_1_81' title='bbox 211 1287 265 1319; x_wconf 80' lang='lat'>50.</span> <span class='ocrx_word' id='word_1_82' title='bbox 302 1284 461 1331; x_wconf 76' lang='lat' dir='ltr'>faciant</span> <span class='ocrx_word' id='word_1_83' title='bbox 485 1296 540 1318; x_wconf 86' lang='lat'>21.</span> <span class='ocrx_word' id='word_1_84' title='bbox 571 1304 617 1309; x_wconf 92' lang='lat'>—</span> <span class='ocrx_word' id='word_1_85' title='bbox 644 1288 824 1332; x_wconf 77' lang='lat' dir='ltr'>quaedam</span> 
     </span>
     <span class='ocr_line' id='line_1_18' title="bbox 165 1342 822 1387; baseline 0.002 -11"><span class='ocrx_word' id='word_1_86' title='bbox 165 1343 217 1376; x_wconf 78' lang='lat'>23.</span> <span class='ocrx_word' id='word_1_87' title='bbox 270 1342 337 1375; x_wconf 87' lang='lat' dir='ltr'>Pro</span> <span class='ocrx_word' id='word_1_88' title='bbox 356 1342 504 1387; x_wconf 83' lang='lat' dir='ltr'>quidam</span> <span class='ocrx_word' id='word_1_89' title='bbox 525 1343 614 1374; x_wconf 78' lang='lat' dir='ltr'>forte</span> <span class='ocrx_word' id='word_1_90' title='bbox 650 1345 822 1377; x_wconf 83' lang='lat' dir='ltr'>substitu-</span> 
     </span>
     <span class='ocr_line' id='line_1_19' title="bbox 162 1400 825 1448; baseline 0.006 -18"><span class='ocrx_word' id='word_1_91' title='bbox 162 1400 297 1434; x_wconf 81' lang='lat' dir='ltr'>endum</span> <span class='ocrx_word' id='word_1_92' title='bbox 328 1411 399 1431; x_wconf 76' lang='lat' dir='ltr'>esso</span> <span class='ocrx_word' id='word_1_93' title='bbox 430 1400 559 1446; x_wconf 76' lang='lat' dir='ltr'>qujque</span> <span class='ocrx_word' id='word_1_94' title='bbox 587 1402 642 1432; x_wconf 70' lang='lat' dir='ltr'>vel</span> <span class='ocrx_word' id='word_1_95' title='bbox 664 1402 825 1448; x_wconf 80' lang='lat' dir='ltr'>quisque,</span> 
     </span>
     <span class='ocr_line' id='line_1_20' title="bbox 160 1457 827 1502; baseline 0 -12"><span class='ocrx_word' id='word_1_96' title='bbox 160 1469 206 1490; x_wconf 90' lang='lat' dir='ltr'>ne</span> <span class='ocrx_word' id='word_1_97' title='bbox 224 1457 308 1491; x_wconf 82' lang='lat' dir='ltr'>haec</span> <span class='ocrx_word' id='word_1_98' title='bbox 327 1465 526 1500; x_wconf 81' lang='lat' dir='ltr'>repugnent</span> <span class='ocrx_word' id='word_1_99' title='bbox 546 1459 597 1499; x_wconf 87' lang='lat' dir='ltr'>iis,</span> <span class='ocrx_word' id='word_1_100' title='bbox 622 1469 708 1500; x_wconf 86' lang='lat' dir='ltr'>quae</span> <span class='ocrx_word' id='word_1_101' title='bbox 724 1467 827 1502; x_wconf 86' lang='lat' dir='ltr'>poeta</span> 
     </span>
     <span class='ocr_line' id='line_1_21' title="bbox 161 1512 827 1559; baseline 0.005 -13"><span class='ocrx_word' id='word_1_102' title='bbox 161 1516 322 1559; x_wconf 80' lang='lat' dir='ltr'>proxime</span> <span class='ocrx_word' id='word_1_103' title='bbox 340 1526 373 1546; x_wconf 78' lang='lat' dir='ltr'>v.</span> <span class='ocrx_word' id='word_1_104' title='bbox 391 1512 445 1546; x_wconf 77' lang='lat'>48.</span> <span class='ocrx_word' id='word_1_105' title='bbox 467 1523 500 1546; x_wconf 87' lang='lat' dir='ltr'>et</span> <span class='ocrx_word' id='word_1_106' title='bbox 523 1515 578 1558; x_wconf 74' lang='lat'>49.</span> <span class='ocrx_word' id='word_1_107' title='bbox 598 1515 745 1557; x_wconf 77' lang='lat' dir='ltr'>dixerit,</span> <span class='ocrx_word' id='word_1_108' title='bbox 768 1525 827 1549; x_wconf 89' lang='lat' dir='ltr'>aut</span> 
     </span>
     <span class='ocr_line' id='line_1_22' title="bbox 161 1572 826 1614; baseline 0.005 -10"><span class='ocrx_word' id='word_1_109' title='bbox 161 1579 281 1604; x_wconf 87' lang='lat' dir='ltr'>totum</span> <span class='ocrx_word' id='word_1_110' title='bbox 313 1572 429 1614; x_wconf 86' lang='lat' dir='ltr'>potius</span> <span class='ocrx_word' id='word_1_111' title='bbox 463 1584 602 1604; x_wconf 72' lang='lat' dir='ltr'>versum</span> <span class='ocrx_word' id='word_1_112' title='bbox 642 1586 709 1606; x_wconf 81' lang='lat' dir='ltr'>una</span> <span class='ocrx_word' id='word_1_113' title='bbox 744 1587 826 1607; x_wconf 84' lang='lat' dir='ltr'>cum</span> 
     </span>
     <span class='ocr_line' id='line_1_23' title="bbox 162 1628 826 1672; baseline 0.005 -12"><span class='ocrx_word' id='word_1_114' title='bbox 162 1640 237 1671; x_wconf 76' lang='lat' dir='ltr'>seq.</span> <span class='ocrx_word' id='word_1_115' title='bbox 265 1636 407 1672; x_wconf 84' lang='lat' dir='ltr'>propter</span> <span class='ocrx_word' id='word_1_116' title='bbox 435 1628 593 1661; x_wconf 85' lang='lat' dir='ltr'>scabram</span> <span class='ocrx_word' id='word_1_117' title='bbox 632 1633 826 1663; x_wconf 85' lang='lat' dir='ltr'>orationem</span> 
     </span>
     <span class='ocr_line' id='line_1_24' title="bbox 162 1684 827 1728; baseline 0.003 -10"><span class='ocrx_word' id='word_1_118' title='bbox 162 1685 337 1718; x_wconf 80' lang='lat' dir='ltr'>monacho</span> <span class='ocrx_word' id='word_1_119' title='bbox 361 1684 500 1725; x_wconf 83' lang='lat' dir='ltr'>deberi,</span> <span class='ocrx_word' id='word_1_120' title='bbox 527 1687 586 1728; x_wconf 88' lang='lat' dir='ltr'>qui</span> <span class='ocrx_word' id='word_1_121' title='bbox 607 1687 666 1718; x_wconf 87' lang='lat' dir='ltr'>has</span> <span class='ocrx_word' id='word_1_122' title='bbox 685 1689 827 1720; x_wconf 84' lang='lat' dir='ltr'>lacinias</span> 
     </span>
     <span class='ocr_line' id='line_1_25' title="bbox 164 1741 827 1786; baseline 0.003 -13"><span class='ocrx_word' id='word_1_123' title='bbox 164 1743 317 1784; x_wconf 82' lang='lat' dir='ltr'>margini</span> <span class='ocrx_word' id='word_1_124' title='bbox 349 1741 521 1781; x_wconf 77' lang='lat' dir='ltr'>adsuerit,</span> <span class='ocrx_word' id='word_1_125' title='bbox 556 1742 693 1775; x_wconf 85' lang='lat' dir='ltr'>dudum</span> <span class='ocrx_word' id='word_1_126' title='bbox 711 1746 827 1786; x_wconf 89' lang='lat' dir='ltr'>suspi-</span> 
     </span>
     <span class='ocr_line' id='line_1_26' title="bbox 163 1798 828 1841; baseline 0.002 -11"><span class='ocrx_word' id='word_1_127' title='bbox 163 1807 260 1831; x_wconf 83' lang='lat' dir='ltr'>catus</span> <span class='ocrx_word' id='word_1_128' title='bbox 289 1810 380 1831; x_wconf 86' lang='lat' dir='ltr'>sum.</span> <span class='ocrx_word' id='word_1_129' title='bbox 453 1798 577 1831; x_wconf 85' lang='lat' dir='ltr'>Postea</span> <span class='ocrx_word' id='word_1_130' title='bbox 602 1799 696 1841; x_wconf 72' lang='lat' dir='ltr'>vidi,</span> <span class='ocrx_word' id='word_1_131' title='bbox 732 1799 828 1831; x_wconf 80' lang='lat' dir='ltr'>idem</span> 
     </span>
     <span class='ocr_line' id='line_1_27' title="bbox 164 1855 828 1898; baseline 0.002 -11"><span class='ocrx_word' id='word_1_132' title='bbox 164 1855 325 1888; x_wconf 85' lang='lat' dir='ltr'>Bentleio</span> <span class='ocrx_word' id='word_1_133' title='bbox 343 1857 378 1888; x_wconf 87' lang='lat' dir='ltr'>&#39;rn</span> <span class='ocrx_word' id='word_1_134' title='bbox 400 1864 559 1888; x_wconf 85' lang='lat' dir='ltr'>mentem</span> <span class='ocrx_word' id='word_1_135' title='bbox 581 1859 733 1897; x_wconf 80' lang='lat' dir='ltr'>venisse,</span> <span class='ocrx_word' id='word_1_136' title='bbox 768 1857 828 1898; x_wconf 88' lang='lat' dir='ltr'>qui</span> 
     </span>
     <span class='ocr_line' id='line_1_28' title="bbox 167 1912 827 1959; baseline 0 -15"><span class='ocrx_word' id='word_1_137' title='bbox 167 1912 214 1944; x_wconf 87' lang='lat' dir='ltr'>ad</span> <span class='ocrx_word' id='word_1_138' title='bbox 233 1913 352 1944; x_wconf 85' lang='lat' dir='ltr'>Horat.</span> <span class='ocrx_word' id='word_1_139' title='bbox 372 1913 414 1946; x_wconf 90' lang='lat' dir='ltr'>A.</span> <span class='ocrx_word' id='word_1_140' title='bbox 436 1913 474 1946; x_wconf 90' lang='lat' dir='ltr'>P.</span> <span class='ocrx_word' id='word_1_141' title='bbox 494 1926 524 1946; x_wconf 89' lang='lat' dir='ltr'>v.</span> <span class='ocrx_word' id='word_1_142' title='bbox 545 1914 624 1959; x_wconf 82' lang='lat'><strong>557.</strong></span> <span class='ocrx_word' id='word_1_143' title='bbox 650 1914 735 1945; x_wconf 86' lang='lat' dir='ltr'>haec</span> <span class='ocrx_word' id='word_1_144' title='bbox 758 1924 827 1945; x_wconf 86' lang='lat' dir='ltr'>no—</span> 
     </span>
     <span class='ocr_line' id='line_1_29' title="bbox 163 1970 828 2011; baseline -0.002 -9"><span class='ocrx_word' id='word_1_145' title='bbox 163 1971 269 2002; x_wconf 77' lang='lat' dir='ltr'>tavit:</span> <span class='ocrx_word' id='word_1_146' title='bbox 296 1970 424 2011; x_wconf 87' lang='lat' dir='ltr'>„Vides</span> <span class='ocrx_word' id='word_1_147' title='bbox 436 1971 491 2003; x_wconf 84' lang='lat' dir='ltr'>hic</span> <span class='ocrx_word' id='word_1_148' title='bbox 511 1973 546 2004; x_wconf 83' lang='lat' dir='ltr'>in</span> <span class='ocrx_word' id='word_1_149' title='bbox 567 1970 724 2005; x_wconf 81' lang='lat' dir='ltr'>mediam</span> <span class='ocrx_word' id='word_1_150' title='bbox 744 1982 828 2001; x_wconf 81' lang='lat' dir='ltr'>nar-</span> 
     </span>
     <span class='ocr_line' id='line_1_30' title="bbox 166 2026 828 2067; baseline -0.002 -8"><span class='ocrx_word' id='word_1_151' title='bbox 166 2028 342 2059; x_wconf 78' lang='lat' dir='ltr'>rationem</span> <span class='ocrx_word' id='word_1_152' title='bbox 359 2030 587 2060; x_wconf 82' lang='lat' dir='ltr'>sententiolas</span> <span class='ocrx_word' id='word_1_153' title='bbox 607 2028 665 2059; x_wconf 78' lang='lat' dir='ltr'>has</span> <span class='ocrx_word' id='word_1_154' title='bbox 683 2026 828 2067; x_wconf 84' lang='lat' dir='ltr'>intrudi,</span> 
     </span>
     <span class='ocr_line' id='line_1_31' title="bbox 165 2083 830 2129; baseline 0 -14"><span class='ocrx_word' id='word_1_155' title='bbox 165 2083 290 2127; x_wconf 78' lang='lat' dir='ltr'>putide</span> <span class='ocrx_word' id='word_1_156' title='bbox 317 2096 457 2129; x_wconf 77' lang='lat' dir='ltr'>prorsus</span> <span class='ocrx_word' id='word_1_157' title='bbox 482 2094 515 2117; x_wconf 88' lang='lat' dir='ltr'>et</span> <span class='ocrx_word' id='word_1_158' title='bbox 532 2097 702 2128; x_wconf 78' lang='lat' dir='ltr'>perquam</span> <span class='ocrx_word' id='word_1_159' title='bbox 721 2085 830 2116; x_wconf 88' lang='lat' dir='ltr'>insci-</span> 
     </span>
     <span class='ocr_line' id='line_1_32' title="bbox 166 2140 829 2185; baseline -0.002 -12"><span class='ocrx_word' id='word_1_160' title='bbox 166 2148 215 2173; x_wconf 88' lang='lat' dir='ltr'>te.</span> <span class='ocrx_word' id='word_1_161' title='bbox 248 2142 426 2184; x_wconf 86' lang='lat' dir='ltr'>Quorsum</span> <span class='ocrx_word' id='word_1_162' title='bbox 447 2145 542 2176; x_wconf 83' lang='lat' dir='ltr'>enim</span> <span class='ocrx_word' id='word_1_163' title='bbox 562 2143 618 2175; x_wconf 87' lang='lat' dir='ltr'>hic</span> <span class='ocrx_word' id='word_1_164' title='bbox 648 2140 829 2185; x_wconf 76' lang='lat' dir='ltr'>Quidam?</span> 
     </span>
     <span class='ocr_line' id='line_1_33' title="bbox 167 2199 830 2241; baseline 0.003 -12"><span class='ocrx_word' id='word_1_165' title='bbox 167 2208 281 2239; x_wconf 86' lang='lat' dir='ltr'>quum</span> <span class='ocrx_word' id='word_1_166' title='bbox 293 2199 364 2230; x_wconf 83' lang='lat' dir='ltr'>iam</span> <span class='ocrx_word' id='word_1_167' title='bbox 384 2200 528 2241; x_wconf 80' lang='lat' dir='ltr'>dixerat,</span> <span class='ocrx_word' id='word_1_168' title='bbox 553 2212 597 2232; x_wconf 90' lang='lat' dir='ltr'>ne</span> <span class='ocrx_word' id='word_1_169' title='bbox 615 2211 727 2232; x_wconf 85' lang='lat' dir='ltr'>uuum</span> <span class='ocrx_word' id='word_1_170' title='bbox 747 2200 830 2240; x_wconf 89' lang='lat' dir='ltr'>qui-</span> 
     </span>
     <span class='ocr_line' id='line_1_34' title="bbox 169 2252 830 2300; baseline 0.003 -15"><span class='ocrx_word' id='word_1_171' title='bbox 169 2252 256 2286; x_wconf 87' lang='lat' dir='ltr'>dem</span> <span class='ocrx_word' id='word_1_172' title='bbox 274 2255 349 2286; x_wconf 88' lang='lat' dir='ltr'>ulla</span> <span class='ocrx_word' id='word_1_173' title='bbox 367 2257 494 2289; x_wconf 86' lang='lat' dir='ltr'>mundi</span> <span class='ocrx_word' id='word_1_174' title='bbox 513 2265 610 2300; x_wconf 86' lang='lat' dir='ltr'>parte</span> <span class='ocrx_word' id='word_1_175' title='bbox 629 2259 736 2289; x_wconf 72' lang='lat' dir='ltr'>vitam</span> <span class='ocrx_word' id='word_1_176' title='bbox 763 2268 830 2298; x_wconf 80' lang='lat' dir='ltr'>pa·-</span> 
     </span>
     <span class='ocr_line' id='line_1_35' title="bbox 170 2312 831 2356; baseline 0.006 -15"><span class='ocrx_word' id='word_1_177' title='bbox 170 2312 337 2342; x_wconf 80' lang='lat' dir='ltr'>trimonio</span> <span class='ocrx_word' id='word_1_178' title='bbox 354 2313 528 2354; x_wconf 85' lang='lat' dir='ltr'>praeferre</span> <span class='ocrx_word' id='word_1_179' title='bbox 541 2313 558 2345; x_wconf 67' lang='grc' dir='ltr'>’ἶ</span> <span class='ocrx_word' id='word_1_180' title='bbox 583 2314 695 2356; x_wconf 86' lang='lat' dir='ltr'>Quale</span> <span class='ocrx_word' id='word_1_181' title='bbox 713 2321 831 2345; x_wconf 79' lang='lat' dir='ltr'>autem</span> 
     </span>
     <span class='ocr_line' id='line_1_36' title="bbox 170 2366 830 2413; baseline 0.008 -16"><span class='ocrx_word' id='word_1_182' title='bbox 170 2366 285 2408; x_wconf 84' lang='lat' dir='ltr'>illud,</span> <span class='ocrx_word' id='word_1_183' title='bbox 307 2367 437 2412; x_wconf 82' lang='lat' dir='ltr'>facere</span> <span class='ocrx_word' id='word_1_184' title='bbox 450 2370 710 2413; x_wconf 81' lang='lat' dir='ltr'>patrimonia?</span> <span class='ocrx_word' id='word_1_185' title='bbox 742 2382 830 2412; x_wconf 86' lang='lat' dir='ltr'>qnae</span> 
     </span>
     <span class='ocr_line' id='line_1_37' title="bbox 170 2424 830 2469; baseline 0.008 -15"><span class='ocrx_word' id='word_1_186' title='bbox 170 2424 303 2456; x_wconf 80' lang='lat' dir='ltr'>scabies</span> <span class='ocrx_word' id='word_1_187' title='bbox 314 2426 500 2459; x_wconf 79' lang='lat' dir='ltr'>locutidnis</span> <span class='ocrx_word' id='word_1_188' title='bbox 510 2425 526 2458; x_wconf 65' lang='grc' dir='ltr'>ἶ)</span> <span class='ocrx_word' id='word_1_189' title='bbox 545 2428 663 2469; x_wconf 85' lang='lat' dir='ltr'>Quam</span> <span class='ocrx_word' id='word_1_190' title='bbox 673 2428 830 2459; x_wconf 84' lang='lat' dir='ltr'>alienum</span> 
     </span>
     <span class='ocr_line' id='line_1_38' title="bbox 171 2483 831 2523; baseline 0.008 -12"><span class='ocrx_word' id='word_1_191' title='bbox 171 2488 207 2512; x_wconf 90' lang='lat' dir='ltr'>et</span> <span class='ocrx_word' id='word_1_192' title='bbox 229 2492 424 2523; x_wconf 87' lang='lat' dir='ltr'>pannosum</span> <span class='ocrx_word' id='word_1_193' title='bbox 440 2483 532 2515; x_wconf 89' lang='lat' dir='ltr'>illud</span> <span class='ocrx_word' id='word_1_194' title='bbox 569 2484 669 2516; x_wconf 85' lang='lat' dir='ltr'>Vitio</span> <span class='ocrx_word' id='word_1_195' title='bbox 698 2484 831 2517; x_wconf 81' lang='lat' dir='ltr'>caeci?</span> 
     </span>
     <span class='ocr_line' id='line_1_39' title="bbox 174 2537 831 2582; baseline 0.006 -14"><span class='ocrx_word' id='word_1_196' title='bbox 174 2537 271 2580; x_wconf 84' lang='lat' dir='ltr'>quod</span> <span class='ocrx_word' id='word_1_197' title='bbox 291 2549 331 2569; x_wconf 93' lang='lat' dir='ltr'>eo</span> <span class='ocrx_word' id='word_1_198' title='bbox 349 2547 487 2571; x_wconf 80' lang='lat' dir='ltr'>tantum</span> <span class='ocrx_word' id='word_1_199' title='bbox 507 2539 674 2582; x_wconf 79' lang='lat' dir='ltr'>adsuitur,</span> <span class='ocrx_word' id='word_1_200' title='bbox 697 2550 736 2573; x_wconf 91' lang='lat' dir='ltr'>ut</span> <span class='ocrx_word' id='word_1_201' title='bbox 750 2553 831 2574; x_wconf 83' lang='lat' dir='ltr'>ver-</span> 
     </span>
     <span class='ocr_line' id='line_1_40' title="bbox 172 2594 832 2641; baseline 0.006 -15"><span class='ocrx_word' id='word_1_202' title='bbox 172 2594 275 2626; x_wconf 82' lang='lat' dir='ltr'>siculi</span> <span class='ocrx_word' id='word_1_203' title='bbox 294 2602 394 2626; x_wconf 87' lang='lat' dir='ltr'>cento</span> <span class='ocrx_word' id='word_1_204' title='bbox 414 2599 588 2630; x_wconf 87' lang='lat' dir='ltr'>sarciatur.</span> <span class='ocrx_word' id='word_1_205' title='bbox 613 2597 708 2641; x_wconf 85' lang='lat' dir='ltr'>Ergo</span> <span class='ocrx_word' id='word_1_206' title='bbox 727 2599 832 2630; x_wconf 82' lang='lat' dir='ltr'>obelo</span> 
     </span>
     <span class='ocr_line' id='line_1_41' title="bbox 174 2650 834 2692; baseline 0.011 -10"><span class='ocrx_word' id='word_1_207' title='bbox 174 2650 398 2692; x_wconf 79' lang='lat' dir='ltr'>configendus</span> <span class='ocrx_word' id='word_1_208' title='bbox 428 2653 490 2685; x_wconf 84' lang='lat' dir='ltr'>hos</span> <span class='ocrx_word' id='word_1_209' title='bbox 514 2666 629 2687; x_wconf 77' lang='lat' dir='ltr'>versus</span> <span class='ocrx_word' id='word_1_210' title='bbox 651 2657 704 2688; x_wconf 85' lang='lat'>50.</span> <span class='ocrx_word' id='word_1_211' title='bbox 724 2664 759 2688; x_wconf 87' lang='lat' dir='ltr'>et</span> <span class='ocrx_word' id='word_1_212' title='bbox 779 2656 834 2689; x_wconf 67' lang='lat'>51‘.</span> 
     </span>
     <span class='ocr_line' id='line_1_42' title="bbox 175 2711 833 2750; baseline 0.008 -10"><span class='ocrx_word' id='word_1_213' title='bbox 175 2719 318 2750; x_wconf 83' lang='lat' dir='ltr'>cense03</span> <span class='ocrx_word' id='word_1_214' title='bbox 369 2711 502 2741; x_wconf 85' lang='lat' dir='ltr'>etiamsi</span> <span class='ocrx_word' id='word_1_215' title='bbox 526 2719 623 2743; x_wconf 63' lang='lat' dir='ltr'>vetus</span> <span class='ocrx_word' id='word_1_216' title='bbox 643 2712 692 2744; x_wconf 88' lang='lat' dir='ltr'>ihi</span> <span class='ocrx_word' id='word_1_217' title='bbox 713 2712 833 2746; x_wconf 84' lang='lat' dir='ltr'>Schol.</span> 
     </span>
    </p>
   </div>
   <div class='ocr_carea' id='block_1_11' title="bbox 174 2767 835 2809">
    <p class='ocr_par' dir='ltr' id='par_1_12' title="bbox 174 2767 835 2809">
     <span class='ocr_line' id='line_1_43' title="bbox 174 2767 835 2809; baseline 0.008 -12"><span class='ocrx_word' id='word_1_218' title='bbox 174 2775 239 2808; x_wconf 82' lang='lat' dir='ltr'>pro</span> <span class='ocrx_word' id='word_1_219' title='bbox 258 2767 417 2808; x_wconf 81' lang='lat' dir='ltr'>genuinis</span> <span class='ocrx_word' id='word_1_220' title='bbox 435 2769 625 2809; x_wconf 72' lang='lat' dir='ltr'>agnoverit.</span> <span class='ocrx_word' id='word_1_221' title='bbox 663 2768 835 2802; x_wconf 80' lang='lat' dir='ltr'>solebant</span> 
     </span>
    </p>
   </div>
   <div class='ocr_carea' id='block_1_12' title="bbox 877 890 1546 1106">
    <p class='ocr_par' dir='ltr' id='par_1_13' title="bbox 877 890 1546 1106">
     <span class='ocr_line' id='line_1_44' title="bbox 880 890 1543 925; baseline 0.006 -4"><span class='ocrx_word' id='word_1_222' title='bbox 880 890 969 922; x_wconf 85' lang='lat' dir='ltr'>olim</span> <span class='ocrx_word' id='word_1_223' title='bbox 1011 891 1222 922; x_wconf 85' lang='lat' dir='ltr'>sententiosa</span> <span class='ocrx_word' id='word_1_224' title='bbox 1258 890 1463 923; x_wconf 79' lang='lat' dir='ltr'>huiusmodi</span> <span class='ocrx_word' id='word_1_225' title='bbox 1505 893 1543 925; x_wconf 86' lang='lat' dir='ltr'>in</span> 
     </span>
     <span class='ocr_line' id='line_1_45' title="bbox 877 948 1544 991; baseline 0.006 -14"><span class='ocrx_word' id='word_1_226' title='bbox 877 949 1038 989; x_wconf 74' lang='lat' dir='ltr'>margine</span> <span class='ocrx_word' id='word_1_227' title='bbox 1078 948 1198 988; x_wconf 81' lang='lat' dir='ltr'>allini,</span> <span class='ocrx_word' id='word_1_228' title='bbox 1239 960 1324 990; x_wconf 84' lang='lat' dir='ltr'>quae</span> <span class='ocrx_word' id='word_1_229' title='bbox 1359 957 1479 991; x_wconf 83' lang='lat' dir='ltr'>postea</span> <span class='ocrx_word' id='word_1_230' title='bbox 1508 951 1544 981; x_wconf 88' lang='lat' dir='ltr'>in</span> 
     </span>
     <span class='ocr_line' id='line_1_46' title="bbox 1397 1006 1544 1039; baseline 0.007 -1"><span class='ocrx_word' id='word_1_231' title='bbox 1397 1006 1455 1038; x_wconf 82' lang='lat' dir='ltr'>Sic</span> <span class='ocrx_word' id='word_1_232' title='bbox 1485 1007 1544 1039; x_wconf 85' lang='lat' dir='ltr'>di-</span> 
     </span>
     <span class='ocr_line' id='line_1_47' title="bbox 879 1060 1546 1106; baseline 0.009 -15"><span class='ocrx_word' id='word_1_233' title='bbox 879 1060 987 1092; x_wconf 84' lang='lat' dir='ltr'>sticha</span> <span class='ocrx_word' id='word_1_234' title='bbox 1025 1061 1244 1105; x_wconf 83' lang='lat' dir='ltr'>Epimythia,</span> <span class='ocrx_word' id='word_1_235' title='bbox 1294 1074 1380 1103; x_wconf 87' lang='lat' dir='ltr'>quae</span> <span class='ocrx_word' id='word_1_236' title='bbox 1421 1065 1546 1106; x_wconf 78' lang='lat' dir='ltr'>siugu-</span> 
     </span>
    </p>
   </div>
   <div class='ocr_carea' id='block_1_13' title="bbox 879 1006 1338 1048">
    <p class='ocr_par' dir='ltr' id='par_1_14' title="bbox 879 1006 1338 1048">
     <span class='ocr_line' id='line_1_48' title="bbox 879 1006 1338 1048; baseline 0.007 -14"><span class='ocrx_word' id='word_1_237' title='bbox 879 1012 1085 1035; x_wconf 75' lang='lat' dir='ltr'>contextum</span> <span class='ocrx_word' id='word_1_238' title='bbox 1113 1006 1338 1048; x_wconf 80' lang='lat' dir='ltr'>irrepserunt.</span> 
     </span>
    </p>
   </div>
   <div class='ocr_carea' id='block_1_14' title="bbox 879 1116 1551 2749">
    <p class='ocr_par' dir='ltr' id='par_1_15' title="bbox 879 1116 1549 1944">
     <span class='ocr_line' id='line_1_49' title="bbox 879 1116 1545 1163; baseline 0.009 -15"><span class='ocrx_word' id='word_1_239' title='bbox 879 1118 923 1148; x_wconf 86' lang='lat' dir='ltr'>lis</span> <span class='ocrx_word' id='word_1_240' title='bbox 956 1116 1078 1149; x_wconf 69' lang='lat' dir='ltr'>Avieni</span> <span class='ocrx_word' id='word_1_241' title='bbox 1110 1118 1238 1149; x_wconf 82' lang='lat' dir='ltr'>sabulis</span> <span class='ocrx_word' id='word_1_242' title='bbox 1269 1119 1545 1163; x_wconf 79' lang='lat' dir='ltr'>subiunguntur,</span> 
     </span>
     <span class='ocr_line' id='line_1_50' title="bbox 882 1175 1544 1217; baseline 0.011 -13"><span class='ocrx_word' id='word_1_243' title='bbox 882 1175 999 1205; x_wconf 82' lang='lat' dir='ltr'>omnia</span> <span class='ocrx_word' id='word_1_244' title='bbox 1018 1176 1235 1217; x_wconf 84' lang='lat' dir='ltr'>supposititia</span> <span class='ocrx_word' id='word_1_245' title='bbox 1254 1185 1345 1216; x_wconf 83' lang='lat' dir='ltr'>sunt,</span> <span class='ocrx_word' id='word_1_246' title='bbox 1361 1186 1394 1209; x_wconf 84' lang='lat' dir='ltr'>ct</span> <span class='ocrx_word' id='word_1_247' title='bbox 1416 1180 1452 1210; x_wconf 86' lang='lat' dir='ltr'>iu</span> <span class='ocrx_word' id='word_1_248' title='bbox 1467 1178 1544 1210; x_wconf 80' lang='lat' dir='ltr'>Ga·-</span> 
     </span>
     <span class='ocr_line' id='line_1_51' title="bbox 879 1231 1546 1274; baseline 0.007 -12"><span class='ocrx_word' id='word_1_249' title='bbox 879 1231 1002 1272; x_wconf 87' lang='lat' dir='ltr'>leauo,</span> <span class='ocrx_word' id='word_1_250' title='bbox 1052 1242 1121 1273; x_wconf 90' lang='lat' dir='ltr'>qno</span> <span class='ocrx_word' id='word_1_251' title='bbox 1160 1244 1239 1264; x_wconf 86' lang='lat' dir='ltr'>usus</span> <span class='ocrx_word' id='word_1_252' title='bbox 1278 1246 1374 1274; x_wconf 83' lang='lat' dir='ltr'>sum,</span> <span class='ocrx_word' id='word_1_253' title='bbox 1424 1235 1546 1273; x_wconf 74' lang='lat' dir='ltr'>codice</span> 
     </span>
     <span class='ocr_line' id='line_1_52' title="bbox 879 1288 1546 1333; baseline 0.009 -15"><span class='ocrx_word' id='word_1_254' title='bbox 879 1288 980 1319; x_wconf 82' lang='lat' dir='ltr'>nulla</span> <span class='ocrx_word' id='word_1_255' title='bbox 1025 1290 1264 1330; x_wconf 83' lang='lat' dir='ltr'>comparent.“</span> <span class='ocrx_word' id='word_1_256' title='bbox 1340 1291 1546 1333; x_wconf 70' lang='lat' dir='ltr'>liefr-agatur</span> 
     </span>
     <span class='ocr_line' id='line_1_53' title="bbox 879 1343 1546 1387; baseline 0.009 -12"><span class='ocrx_word' id='word_1_257' title='bbox 879 1343 966 1376; x_wconf 69' lang='lat' dir='ltr'>Aeli.</span> <span class='ocrx_word' id='word_1_258' title='bbox 989 1347 1087 1377; x_wconf 86' lang='lat' dir='ltr'>cuius</span> <span class='ocrx_word' id='word_1_259' title='bbox 1110 1353 1191 1376; x_wconf 86' lang='lat' dir='ltr'>nota</span> <span class='ocrx_word' id='word_1_260' title='bbox 1213 1354 1280 1377; x_wconf 81' lang='lat' dir='ltr'>est:</span> <span class='ocrx_word' id='word_1_261' title='bbox 1305 1347 1425 1387; x_wconf 83' lang='lat' dir='ltr'>„Nihil</span> <span class='ocrx_word' id='word_1_262' title='bbox 1444 1350 1479 1380; x_wconf 87' lang='lat' dir='ltr'>in</span> <span class='ocrx_word' id='word_1_263' title='bbox 1492 1349 1546 1383; x_wconf 91' lang='lat' dir='ltr'>his</span> 
     </span>
     <span class='ocr_line' id='line_1_54' title="bbox 885 1403 1545 1441; baseline 0.014 -9"><span class='ocrx_word' id='word_1_264' title='bbox 885 1412 987 1433; x_wconf 66' lang='lat' dir='ltr'>verss.</span> <span class='ocrx_word' id='word_1_265' title='bbox 1008 1403 1255 1434; x_wconf 81' lang='lat' dir='ltr'>inconveniens</span> <span class='ocrx_word' id='word_1_266' title='bbox 1289 1413 1339 1436; x_wconf 82' lang='lat' dir='ltr'>cst</span> <span class='ocrx_word' id='word_1_267' title='bbox 1363 1419 1427 1438; x_wconf 87' lang='lat' dir='ltr'>nec</span> <span class='ocrx_word' id='word_1_268' title='bbox 1454 1410 1545 1441; x_wconf 86' lang='lat' dir='ltr'>alie-</span> 
     </span>
     <span class='ocr_line' id='line_1_55' title="bbox 884 1459 1548 1502; baseline 0.014 -13"><span class='ocrx_word' id='word_1_269' title='bbox 884 1470 993 1499; x_wconf 86' lang='lat' dir='ltr'>num,</span> <span class='ocrx_word' id='word_1_270' title='bbox 1026 1459 1114 1491; x_wconf 80' lang='lat' dir='ltr'>nihil</span> <span class='ocrx_word' id='word_1_271' title='bbox 1149 1459 1244 1500; x_wconf 89' lang='lat' dir='ltr'>quod</span> <span class='ocrx_word' id='word_1_272' title='bbox 1265 1461 1419 1502; x_wconf 77' lang='lat' dir='ltr'>glossam</span> <span class='ocrx_word' id='word_1_273' title='bbox 1436 1466 1548 1497; x_wconf 83' lang='lat' dir='ltr'>redo—</span> 
     </span>
     <span class='ocr_line' id='line_1_56' title="bbox 883 1515 1549 1557; baseline 0.017 -12"><span class='ocrx_word' id='word_1_274' title='bbox 883 1515 964 1556; x_wconf 81' lang='lat' dir='ltr'>leat,</span> <span class='ocrx_word' id='word_1_275' title='bbox 991 1517 1074 1557; x_wconf 86' lang='lat' dir='ltr'>quin</span> <span class='ocrx_word' id='word_1_276' title='bbox 1096 1517 1206 1546; x_wconf 84' lang='lat' dir='ltr'>immo</span> <span class='ocrx_word' id='word_1_277' title='bbox 1227 1522 1435 1553; x_wconf 77' lang='lat' dir='ltr'>sententiam</span> <span class='ocrx_word' id='word_1_278' title='bbox 1449 1526 1549 1556; x_wconf 82' lang='lat' dir='ltr'>omni</span> 
     </span>
     <span class='ocr_line' id='line_1_57' title="bbox 883 1574 1547 1615; baseline 0.014 -12"><span class='ocrx_word' id='word_1_279' title='bbox 883 1582 980 1615; x_wconf 86' lang='lat' dir='ltr'>parte</span> <span class='ocrx_word' id='word_1_280' title='bbox 1005 1585 1123 1604; x_wconf 68' lang='lat' dir='ltr'>veram</span> <span class='ocrx_word' id='word_1_281' title='bbox 1153 1574 1208 1604; x_wconf 80' lang='lat' dir='ltr'>illi</span> <span class='ocrx_word' id='word_1_282' title='bbox 1239 1586 1353 1608; x_wconf 76' lang='lat' dir='ltr'>versus</span> <span class='ocrx_word' id='word_1_283' title='bbox 1376 1579 1463 1610; x_wconf 86' lang='lat' dir='ltr'>mihi</span> <span class='ocrx_word' id='word_1_284' title='bbox 1486 1582 1547 1612; x_wconf 87' lang='lat' dir='ltr'>of-</span> 
     </span>
     <span class='ocr_line' id='line_1_58' title="bbox 885 1624 1545 1678; baseline 0.009 -17"><span class='ocrx_word' id='word_1_285' title='bbox 885 1630 975 1661; x_wconf 79' lang='lat' dir='ltr'>serre</span> <span class='ocrx_word' id='word_1_286' title='bbox 1005 1629 1179 1662; x_wconf 66' lang='lat' dir='ltr'>videntur.</span> <span class='ocrx_word' id='word_1_287' title='bbox 1250 1624 1351 1664; x_wconf 82' lang='lat' dir='ltr'>Adde</span> <span class='ocrx_word' id='word_1_288' title='bbox 1385 1636 1480 1678; x_wconf 83' lang='lat' dir='ltr'>quod</span> <span class='ocrx_word' id='word_1_289' title='bbox 1508 1639 1545 1670; x_wconf 85' lang='lat' dir='ltr'>in</span> 
     </span>
     <span class='ocr_line' id='line_1_59' title="bbox 886 1687 1546 1732; baseline 0.018 -16"><span class='ocrx_word' id='word_1_290' title='bbox 886 1687 1051 1718; x_wconf 86' lang='lat' dir='ltr'>omnibus</span> <span class='ocrx_word' id='word_1_291' title='bbox 1079 1687 1182 1719; x_wconf 81' lang='lat' dir='ltr'>codd.</span> <span class='ocrx_word' id='word_1_292' title='bbox 1212 1688 1391 1732; x_wconf 79' lang='lat' dir='ltr'>legantur,</span> <span class='ocrx_word' id='word_1_293' title='bbox 1442 1702 1476 1726; x_wconf 87' lang='lat' dir='ltr'>et</span> <span class='ocrx_word' id='word_1_294' title='bbox 1508 1696 1546 1728; x_wconf 86' lang='lat' dir='ltr'>id</span> 
     </span>
     <span class='ocr_line' id='line_1_60' title="bbox 887 1744 1545 1788; baseline 0.02 -16"><span class='ocrx_word' id='word_1_295' title='bbox 887 1750 978 1773; x_wconf 88' lang='lat' dir='ltr'>certe</span> <span class='ocrx_word' id='word_1_296' title='bbox 999 1744 1099 1775; x_wconf 83' lang='lat' dir='ltr'>aliter</span> <span class='ocrx_word' id='word_1_297' title='bbox 1119 1746 1297 1786; x_wconf 75' lang='lat' dir='ltr'>evenisset,</span> <span class='ocrx_word' id='word_1_298' title='bbox 1321 1750 1360 1788; x_wconf 78' lang='lat' dir='ltr'>si,</span> <span class='ocrx_word' id='word_1_299' title='bbox 1386 1758 1424 1781; x_wconf 89' lang='lat' dir='ltr'>ut</span> <span class='ocrx_word' id='word_1_300' title='bbox 1434 1752 1545 1785; x_wconf 82' lang='lat' dir='ltr'>Bent-</span> 
     </span>
     <span class='ocr_line' id='line_1_61' title="bbox 886 1800 1547 1849; baseline 0.017 -19"><span class='ocrx_word' id='word_1_301' title='bbox 886 1800 976 1831; x_wconf 87' lang='lat' dir='ltr'>leius</span> <span class='ocrx_word' id='word_1_302' title='bbox 997 1808 1126 1832; x_wconf 84' lang='lat' dir='ltr'>temere</span> <span class='ocrx_word' id='word_1_303' title='bbox 1145 1802 1245 1833; x_wconf 82' lang='lat' dir='ltr'>affert</span> <span class='ocrx_word' id='word_1_304' title='bbox 1262 1804 1297 1834; x_wconf 89' lang='lat' dir='ltr'>in</span> <span class='ocrx_word' id='word_1_305' title='bbox 1318 1805 1489 1849; x_wconf 82' lang='lat' dir='ltr'>medium,</span> <span class='ocrx_word' id='word_1_306' title='bbox 1505 1821 1547 1843; x_wconf 78' lang='lat' dir='ltr'>ex</span> 
     </span>
     <span class='ocr_line' id='line_1_62' title="bbox 885 1856 1548 1900; baseline 0.023 -15"><span class='ocrx_word' id='word_1_307' title='bbox 885 1856 999 1896; x_wconf 83' lang='lat' dir='ltr'>glossa</span> <span class='ocrx_word' id='word_1_308' title='bbox 1020 1868 1038 1887; x_wconf 85' lang='lat' dir='ltr'>a</span> <span class='ocrx_word' id='word_1_309' title='bbox 1055 1857 1228 1889; x_wconf 84' lang='lat' dir='ltr'>monacho</span> <span class='ocrx_word' id='word_1_310' title='bbox 1249 1869 1358 1893; x_wconf 84' lang='lat' dir='ltr'>assuta</span> <span class='ocrx_word' id='word_1_311' title='bbox 1370 1866 1442 1897; x_wconf 81' lang='lat' dir='ltr'>nati</span> <span class='ocrx_word' id='word_1_312' title='bbox 1455 1866 1548 1900; x_wconf 77' lang='lat' dir='ltr'>suis-</span> 
     </span>
     <span class='ocr_line' id='line_1_63' title="bbox 885 1914 997 1944; baseline 0.009 -1"><span class='ocrx_word' id='word_1_313' title='bbox 885 1914 997 1944; x_wconf 86' lang='lat' dir='ltr'>sent.“</span> 
     </span>
    </p>

    <p class='ocr_par' dir='ltr' id='par_1_16' title="bbox 934 1970 1371 2008">
     <span class='ocr_line' id='line_1_64' title="bbox 934 1970 1371 2008; baseline 0.016 -7"><span class='ocrx_word' id='word_1_314' title='bbox 934 1970 989 2001; x_wconf 74' lang='lat'>51.</span> <span class='ocrx_word' id='word_1_315' title='bbox 1014 1971 1115 2003; x_wconf 86' lang='lat' dir='ltr'>coeci</span> <span class='ocrx_word' id='word_1_316' title='bbox 1131 1972 1220 2004; x_wconf 67' lang='lat' dir='ltr'>uitio</span> <span class='ocrx_word' id='word_1_317' title='bbox 1242 1974 1294 2008; x_wconf 74' lang='lat'>16.</span> <span class='ocrx_word' id='word_1_318' title='bbox 1318 1986 1371 2008; x_wconf 79' lang='lat'>20.</span> 
     </span>
    </p>

    <p class='ocr_par' dir='ltr' id='par_1_17' title="bbox 886 2025 1551 2644">
     <span class='ocr_line' id='line_1_65' title="bbox 933 2025 1548 2070; baseline 0.021 -13"><span class='ocrx_word' id='word_1_319' title='bbox 933 2025 987 2058; x_wconf 81' lang='lat'>55.</span> <span class='ocrx_word' id='word_1_320' title='bbox 1013 2026 1227 2062; x_wconf 87' lang='lat' dir='ltr'>Praestiterit</span> <span class='ocrx_word' id='word_1_321' title='bbox 1242 2032 1308 2063; x_wconf 76' lang='lat' dir='ltr'>sed</span> <span class='ocrx_word' id='word_1_322' title='bbox 1324 2035 1548 2070; x_wconf 70' lang='lat' dir='ltr'>necDamna</span> 
     </span>
     <span class='ocr_line' id='line_1_66' title="bbox 886 2083 1547 2132; baseline 0.017 -19"><span class='ocrx_word' id='word_1_323' title='bbox 886 2083 1028 2124; x_wconf 78' lang='lat' dir='ltr'>iuvant,</span> <span class='ocrx_word' id='word_1_324' title='bbox 1048 2096 1092 2116; x_wconf 82' lang='lat' dir='ltr'>ne</span> <span class='ocrx_word' id='word_1_325' title='bbox 1112 2088 1242 2119; x_wconf 77' lang='lat' dir='ltr'>iactura</span> <span class='ocrx_word' id='word_1_326' title='bbox 1263 2089 1408 2132; x_wconf 78' lang='lat' dir='ltr'>quidem</span> <span class='ocrx_word' id='word_1_327' title='bbox 1427 2091 1547 2124; x_wconf 89' lang='lat' dir='ltr'>bono-</span> 
     </span>
     <span class='ocr_line' id='line_1_67' title="bbox 887 2142 1544 2190; baseline 0.017 -19"><span class='ocrx_word' id='word_1_328' title='bbox 887 2152 967 2172; x_wconf 85' lang='lat' dir='ltr'>rum</span> <span class='ocrx_word' id='word_1_329' title='bbox 985 2142 1144 2184; x_wconf 85' lang='lat' dir='ltr'>prodest,</span> <span class='ocrx_word' id='word_1_330' title='bbox 1183 2145 1377 2188; x_wconf 84' lang='lat' dir='ltr'>quidquam</span> <span class='ocrx_word' id='word_1_331' title='bbox 1397 2150 1544 2190; x_wconf 87' lang='lat' dir='ltr'>proficit.</span> 
     </span>
     <span class='ocr_line' id='line_1_68' title="bbox 887 2197 1551 2251; baseline 0.015 -23"><span class='ocrx_word' id='word_1_332' title='bbox 887 2197 983 2229; x_wconf 89' lang='lat' dir='ltr'>Dura</span> <span class='ocrx_word' id='word_1_333' title='bbox 997 2207 1089 2231; x_wconf 89' lang='lat' dir='ltr'>certe</span> <span class='ocrx_word' id='word_1_334' title='bbox 1110 2208 1160 2232; x_wconf 89' lang='lat' dir='ltr'>est</span> <span class='ocrx_word' id='word_1_335' title='bbox 1181 2202 1323 2244; x_wconf 82' lang='lat' dir='ltr'>ellipsis,</span> <span class='ocrx_word' id='word_1_336' title='bbox 1341 2203 1384 2243; x_wconf 77' lang='lat' dir='ltr'>(v.</span> <span class='ocrx_word' id='word_1_337' title='bbox 1396 2203 1551 2251; x_wconf 84' lang='lat' dir='ltr'>Comm.)</span> 
     </span>
     <span class='ocr_line' id='line_1_69' title="bbox 886 2256 1548 2306; baseline 0.017 -21"><span class='ocrx_word' id='word_1_338' title='bbox 886 2256 960 2286; x_wconf 84' lang='lat' dir='ltr'>sine</span> <span class='ocrx_word' id='word_1_339' title='bbox 987 2267 1054 2297; x_wconf 87' lang='lat' dir='ltr'>qua</span> <span class='ocrx_word' id='word_1_340' title='bbox 1083 2258 1235 2299; x_wconf 71' lang='lat' dir='ltr'>vulgaris</span> <span class='ocrx_word' id='word_1_341' title='bbox 1265 2260 1369 2292; x_wconf 83' lang='lat' dir='ltr'>lectio</span> <span class='ocrx_word' id='word_1_342' title='bbox 1393 2263 1548 2306; x_wconf 80' lang='lat' dir='ltr'>expediri</span> 
     </span>
     <span class='ocr_line' id='line_1_70' title="bbox 886 2311 1551 2356; baseline 0.015 -13"><span class='ocrx_word' id='word_1_343' title='bbox 886 2311 980 2343; x_wconf 84' lang='lat' dir='ltr'>haud</span> <span class='ocrx_word' id='word_1_344' title='bbox 1006 2322 1131 2356; x_wconf 81' lang='lat' dir='ltr'>potest.</span> <span class='ocrx_word' id='word_1_345' title='bbox 1197 2315 1285 2347; x_wconf 72' lang='lat' dir='ltr'>Mira</span> <span class='ocrx_word' id='word_1_346' title='bbox 1315 2325 1433 2350; x_wconf 82' lang='lat' dir='ltr'>tamen</span> <span class='ocrx_word' id='word_1_347' title='bbox 1466 2320 1551 2354; x_wconf 81' lang='lat' dir='ltr'>haec</span> 
     </span>
     <span class='ocr_line' id='line_1_71' title="bbox 890 2370 1550 2420; baseline 0.017 -20"><span class='ocrx_word' id='word_1_348' title='bbox 890 2377 923 2400; x_wconf 89' lang='lat' dir='ltr'>et</span> <span class='ocrx_word' id='word_1_349' title='bbox 948 2371 1004 2401; x_wconf 80' lang='lat' dir='ltr'>vix</span> <span class='ocrx_word' id='word_1_350' title='bbox 1034 2370 1161 2412; x_wconf 87' lang='lat' dir='ltr'>digna,</span> <span class='ocrx_word' id='word_1_351' title='bbox 1209 2384 1296 2414; x_wconf 81' lang='lat' dir='ltr'>quae</span> <span class='ocrx_word' id='word_1_352' title='bbox 1331 2376 1550 2420; x_wconf 85' lang='lat' dir='ltr'>refutentur,</span> 
     </span>
     <span class='ocr_line' id='line_1_72' title="bbox 888 2426 1550 2472; baseline 0.017 -15"><span class='ocrx_word' id='word_1_353' title='bbox 888 2426 1079 2459; x_wconf 84' lang='lat' dir='ltr'>Heineckio</span> <span class='ocrx_word' id='word_1_354' title='bbox 1103 2427 1263 2461; x_wconf 75' lang='lat' dir='ltr'>videntur</span> <span class='ocrx_word' id='word_1_355' title='bbox 1286 2438 1318 2461; x_wconf 90' lang='lat' dir='ltr'>et</span> <span class='ocrx_word' id='word_1_356' title='bbox 1338 2431 1550 2472; x_wconf 83' lang='lat' dir='ltr'>videbuntur</span> 
     </span>
     <span class='ocr_line' id='line_1_73' title="bbox 889 2485 1551 2533; baseline 0.015 -18"><span class='ocrx_word' id='word_1_357' title='bbox 889 2485 1068 2525; x_wconf 80' lang='lat' dir='ltr'>omnibus,</span> <span class='ocrx_word' id='word_1_358' title='bbox 1119 2487 1179 2526; x_wconf 86' lang='lat' dir='ltr'>qui</span> <span class='ocrx_word' id='word_1_359' title='bbox 1200 2488 1314 2519; x_wconf 86' lang='lat' dir='ltr'>silices</span> <span class='ocrx_word' id='word_1_360' title='bbox 1332 2500 1551 2533; x_wconf 73' lang='lat' dir='ltr'>concoquere</span> 
     </span>
     <span class='ocr_line' id='line_1_74' title="bbox 890 2540 1550 2589; baseline 0.017 -17"><span class='ocrx_word' id='word_1_361' title='bbox 890 2540 1100 2574; x_wconf 86' lang='lat' dir='ltr'>didicerunt.</span> <span class='ocrx_word' id='word_1_362' title='bbox 1148 2560 1194 2567; x_wconf 91' lang='lat'><em>-</em></span> <span class='ocrx_word' id='word_1_363' title='bbox 1243 2542 1454 2589; x_wconf 72' lang='lat' dir='ltr'>ingentibus</span> <span class='ocrx_word' id='word_1_364' title='bbox 1493 2549 1550 2583; x_wconf 84' lang='lat'>45.</span> 
     </span>
     <span class='ocr_line' id='line_1_75' title="bbox 889 2597 1201 2644; baseline 0.01 -14"><span class='ocrx_word' id='word_1_365' title='bbox 889 2597 1126 2644; x_wconf 72' lang='lat' dir='ltr'>vergentibus</span> <span class='ocrx_word' id='word_1_366' title='bbox 1147 2600 1201 2640; x_wconf 83' lang='grc'>57.</span> 
     </span>
    </p>

    <p class='ocr_par' dir='ltr' id='par_1_18' title="bbox 891 2655 1551 2749">
     <span class='ocr_line' id='line_1_76' title="bbox 939 2655 1551 2705; baseline 0.013 -18"><span class='ocrx_word' id='word_1_367' title='bbox 939 2655 995 2688; x_wconf 87' lang='grc'>54.</span> <span class='ocrx_word' id='word_1_368' title='bbox 1029 2655 1178 2688; x_wconf 83' lang='lat' dir='ltr'>Recidit</span> <span class='ocrx_word' id='word_1_369' title='bbox 1208 2666 1237 2690; x_wconf 88' lang='lat'>1.</span> <span class='ocrx_word' id='word_1_370' title='bbox 1263 2656 1313 2690; x_wconf 79' lang='lat'>24.</span> <span class='ocrx_word' id='word_1_371' title='bbox 1335 2669 1389 2702; x_wconf 87' lang='lat'>70.</span> <span class='ocrx_word' id='word_1_372' title='bbox 1410 2660 1551 2705; x_wconf 79' lang='lat'><strong>75-77.</strong></span> 
     </span>
     <span class='ocr_line' id='line_1_77' title="bbox 891 2711 1546 2749; baseline 0.008 -5"><span class='ocrx_word' id='word_1_373' title='bbox 891 2721 925 2745; x_wconf 87' lang='lat' dir='ltr'>et</span> <span class='ocrx_word' id='word_1_374' title='bbox 945 2711 1013 2745; x_wconf 79' lang='lat' dir='ltr'>XII</span> <span class='ocrx_word' id='word_1_375' title='bbox 1031 2713 1134 2746; x_wconf 85' lang='lat' dir='ltr'><strong>MSS.</strong></span> <span class='ocrx_word' id='word_1_376' title='bbox 1165 2714 1272 2747; x_wconf 82' lang='lat' dir='ltr'>Paris.</span> <span class='ocrx_word' id='word_1_377' title='bbox 1326 2715 1479 2749; x_wconf 83' lang='lat' dir='ltr'>Accidit</span> <span class='ocrx_word' id='word_1_378' title='bbox 1508 2728 1546 2749; x_wconf 81' lang='lat'>21</span> 
     </span>
    </p>
   </div>
   <div class='ocr_carea' id='block_1_15' title="bbox 891 2770 1549 2822">
    <p class='ocr_par' dir='ltr' id='par_1_19' title="bbox 891 2770 1549 2822">
     <span class='ocr_line' id='line_1_78' title="bbox 891 2770 1549 2822; baseline 0.011 -21"><span class='ocrx_word' id='word_1_379' title='bbox 891 2781 910 2801; x_wconf 82' lang='lat' dir='ltr'>a</span> <span class='ocrx_word' id='word_1_380' title='bbox 926 2781 977 2806; x_wconf 82' lang='lat' dir='ltr'>m.</span> <span class='ocrx_word' id='word_1_381' title='bbox 992 2781 1049 2814; x_wconf 79' lang='lat' dir='ltr'>pr.</span> <span class='ocrx_word' id='word_1_382' title='bbox 1067 2778 1102 2804; x_wconf 87' lang='lat' dir='ltr'>et</span> <span class='ocrx_word' id='word_1_383' title='bbox 1122 2770 1193 2822; x_wconf 81' lang='lat' dir='ltr'>duo</span> <span class='ocrx_word' id='word_1_384' title='bbox 1210 2771 1314 2807; x_wconf 82' lang='lat' dir='ltr'>codd.</span> <span class='ocrx_word' id='word_1_385' title='bbox 1330 2774 1438 2808; x_wconf 84' lang='lat' dir='ltr'>Paris.</span> <span class='ocrx_word' id='word_1_386' title='bbox 1469 2775 1549 2810; x_wconf 78' lang='lat' dir='ltr'>Do-</span> 
     </span>
    </p>
   </div>
  </div>
 </body>
</html>
