1759 3029
291 175 372 219 558
816 174 1174 223 EXCVRSVS

296 307 387 330 nem
409 293 519 329 enim
539 288 757 327 cinaedum
779 288 926 326 blandi
948 290 1159 342 dulcisque
1183 292 1306 327 moris
1331 290 1414 328 scil.
1442 287 1550 331 εἶναι
1573 288 1676 344 πρέ-

296 376 377 407 πει,
416 359 483 396 Vel
510 356 639 407 simpl.
679 357 837 409 πρέπει,
875 371 960 394 esse
993 356 1109 394 decet
1138 371 1167 395 s.
1202 359 1405 395 convenit.
1460 357 1541 394 Sed
1574 359 1676 396 dura

294 433 355 465 est
376 426 474 463 haec
499 424 663 474 ellipsis,
687 437 820 475 neque
846 424 1101 474 intelligitur,
1143 438 1217 461 cur
1247 431 1368 476 poeta
1391 423 1491 461 haec
1517 425 1676 462 Graece

295 494 460 531 dixerit.
531 491 635 528 Nam
671 491 779 542 quod
814 497 969 541 putant,
1007 504 1201 529 summam
1236 492 1427 529 Virronis
1459 492 1676 529 mollitiem

295 560 479 607 indicari,
492 571 613 611 quum
631 557 811 594 Graecus
825 571 957 594 sermo
977 558 1067 608 plus
1081 559 1289 595 suavitatis
1305 556 1677 610 blanditiarumque

296 629 441 665 habeat
473 632 514 663 et
534 626 753 663 effeminati
774 625 837 670 sit,
866 639 913 662 eo
936 625 1009 672 uti,
1032 625 1074 661 id
1098 625 1261 676 quidem
1286 640 1428 676 parum
1463 626 1678 677 probabile

295 696 473 734 videtur.
499 715 552 723 —
610 689 746 740 ἤθους
766 686 845 743 γάρ
875 688 1021 744 γλὺκεα
1058 690 1187 742 ἄνδρα
1215 694 1400 733 κίναιδον
1435 694 1500 740 47.
1544 690 1681 741 ἤθους

297 757 444 815 γλωιύς
471 759 599 811 ἄνδρα
625 760 806 800 κίναιδον
833 757 896 795 46.
932 762 1067 805 ηθους
1093 762 1260 810 γλυκέος
1282 775 1362 809 μην
1389 759 1516 810 mapa
1543 774 1681 800 κιναι-

298 833 367 871 δον
395 841 458 868 20.
499 833 635 876 ηθους
669 840 820 878 καιπερ
859 829 1008 877 γλυκυν
1042 826 1171 877 ανδρα
1196 827 1381 867 κιναιδον
1413 827 1477 876 49.
1516 827 1578 863 54.
1613 826 1678 863 55.

297 903 423 943 amoc
456 899 597 950 γλικου
630 895 758 944 ανδρα
794 893 973 938 κιναιδος
1006 893 1065 930 14.
1095 905 1155 941 17.
1188 897 1315 939 αιθος
1340 897 1464 945 γλυκυ
1496 893 1681 934 κιναιδον

298 966 443 1015 ανὸρος
471 976 529 1014 19.
568 977 655 1007 ετος
675 964 798 1013 γλυκυ
824 976 895 1000 και.
921 974 1046 1012 ampo:
1070 961 1253 1006 κιναιὸος
1284 961 1349 997 24.
1408 961 1560 1007 ηδοσης
1583 963 1683 1011 γλυ-

297 1050 347 1075 κυ
382 1032 507 1082 α’νδρα
527 1029 720 1071 amaedeo
760 1041 819 1065 11.
877 1027 986 1063 Alias
1021 1027 1195 1063 aliorum
1224 1041 1346 1076 nugas
1380 1026 1681 1077 praetermitti-

297 1114 400 1138 mus.
425 1120 479 1127 —
509 1092 840 1134 Schurzfleiscliii
870 1099 969 1130 nota
1001 1099 1062 1130 est
1084 1092 1210 1130 haec:
1259 1094 1369 1142 „Qui
1405 1107 1458 1130 ex
1493 1094 1680 1130 Homero

295 1181 384 1206 rem
404 1169 609 1216 repetunt,
642 1168 758 1200 acute
780 1161 810 1198 ii
833 1160 1007 1212 quidem,
1031 1160 1102 1196 sed
1125 1160 1328 1197 Iuvenalis
1362 1173 1445 1197 11011
1474 1160 1556 1197 suit
1582 1173 1682 1197 acu-

295 1242 373 1281 tus,
407 1233 477 1284 qui
499 1238 581 1268 tam
602 1229 827 1280 simplicem
847 1241 1008 1265 sensum
1033 1228 1185 1277 graecis
1208 1228 1346 1264 verbis
1370 1226 1536 1264 dixerit.
1582 1228 1685 1265 Vox

298 1299 428 1353 ἄνδρα
447 1300 490 1336 in
516 1297 655 1335 codice
669 1301 810 1333 nostro
828 1295 990 1331 literam
1004 1293 1221 1330 secundam
1247 1300 1400 1344 puncto
1422 1295 1689 1345 subnotatam·-

294 1370 429 1407 habet.
486 1364 536 1403 Id
578 1368 715 1409 notat,
762 1362 925 1398 literam
960 1360 1200 1398 eiiciendam
1240 1373 1336 1398 esse.
1393 1361 1506 1410 Quid
1538 1363 1575 1399 si
1605 1375 1687 1399 nos-

295 1441 493 1489 punctum
526 1430 629 1470 illud
659 1430 826 1466 unicum
872 1427 1207 1486 elegantissimam
1246 1426 1388 1463 doceat
1422 1429 1680 1478 scripturam,

298 1510 339 1541 et
370 1506 594 1546 monstret,
628 1498 670 1534 in
704 1495 897 1533 Iuvenale
931 1493 1227 1531 emendandum
1264 1507 1374 1531 esse:
1435 1489 1558 1535 αὖτόν
1597 1489 1688 1550 γάρ’

297 1569 510 1621 ἐφέλκεται
534 1563 666 1616 ἄστρα
690 1563 884 1609 κίναιδον,
917 1562 985 1598 vel
1018 1561 1188 1611 propius
1215 1560 1265 1597 ad
1287 1567 1468 1600 veterem
1498 1562 1680 1613 scriptu-

295 1649 384 1674 ram
415 1629 537 1674 αὐτόν
560 1628 593 1672 δ’
615 1634 722 1673 ἕλκει
750 1624 896 1682 γλυκύν
913 1625 1043 1678 ἄστρα
1069 1627 1266 1668 κίναιδον.
1300 1627 1382 1664 Sed
1404 1628 1520 1678 prior
1542 1629 1680 1675 lectio,

297 1715 423 1754 quum
449 1698 616 1750 parodia
641 1699 694 1735 sit
717 1697 906 1748 pressior,
926 1696 1045 1746 plane
1068 1695 1208 1744 placet,
1247 1699 1288 1730 et
1316 1694 1517 1744 spondere
1538 1696 1679 1742 ausim,

296 1771 354 1807 ita
380 1766 617 1804 Iuvenalem
650 1765 871 1814 scripsisse,
906 1768 954 1799 ut
976 1760 1161 1799 Naevolo
1192 1760 1444 1810 persuadeat,
1469 1762 1682 1800 fortunam

296 1838 339 1874 in
363 1835 552 1885 turpibus
577 1832 699 1869 etiam
718 1832 839 1868 rebus
874 1843 895 1866 a
918 1827 1051 1879 genesi
1085 1827 1329 1878 dependere,
1361 1833 1402 1864 et
1423 1829 1544 1867 simul
1567 1829 1681 1867 idem

298 1902 509 1941 credentes
555 1899 761 1936 Romanos
806 1896 1000 1935 derideat.
1059 1895 1107 1933 In
1148 1893 1282 1931 Schol.
1325 1909 1402 1945 pro
1434 1898 1523 1946 ipse
1555 1896 1614 1934 ad
1637 1910 1689 1933 se·

297 1970 428 2009 trahit
456 1968 583 2018 possis
606 1967 741 2015 legere
775 1967 911 2015 ipsum
944 1971 1102 2001 astrum
1136 1961 1267 1999 trahit
1301 1963 1369 1999 vel
1399 1971 1435 2000 te
1466 1963 1609 2010 trahit,
1632 1969 1681 2000 ut

295 2037 454 2087 legerit,
477 2036 519 2074 σὲ
541 2028 619 2086 γάρ
642 2027 765 2073 αὐτόν
788 2027 835 2082 ἕᾳ
847 2031 1004 2071 ἕλκεται
1040 2027 1172 2079 ἄστρα
1197 2030 1420 2070 κι’ναιδον.“
1474 2029 1581 2066 Mihi
1605 2043 1680 2081 ap—

296 2105 379 2142 tior
402 2102 654 2151 facetiorque
679 2098 847 2136 videtur
874 2103 1015 2133 nostra
1035 2097 1169 2141 lectio,
1204 2108 1336 2147 neque
1368 2096 1581 2147 adsequor,
1605 2109 1680 2134 cur

295 2168 499 2207 Iuvenalis
522 2167 593 2206 illa
624 2165 792 2203 Graecis
821 2163 1069 2215 expresserit
1090 2162 1237 2209 verbis,
1268 2163 1350 2206 vel,
1397 2163 1432 2199 si
1456 2163 1679 2200 Homerica

296 2238 339 2274 in
365 2249 452 2273 rem
477 2248 589 2281 suam
625 2237 868 2270 convertere
890 2230 1032 2277 voluit,
1056 2229 1104 2266 de
1131 2242 1211 2279 quo
1233 2229 1306 2266 vix
1329 2228 1515 2267 dubitare
1536 2231 1678 2280 possis,

295 2311 378 2341 tam
402 2303 530 2340 multa
549 2299 840 2345 immutaverit,
864 2311 939 2334 nec
960 2297 1096 2347 potius
1124 2301 1283 2333 acutam
1304 2297 1478 2333 Homeri
1510 2303 1678 2334 senten-

294 2372 391 2409 tiam
430 2369 656 2406 variatione
688 2367 807 2404 unius
842 2364 954 2402 vocis
992 2362 1127 2414 lepide
1165 2363 1419 2400 transtulisse
1453 2363 1678 2402 censendus

293 2439 357 2477 sit.
379 2452 416 2476 v.
439 2437 595 2475 Comm.

681 2502 716 2540 E
763 2502 807 2539 X
854 2498 885 2537 C
933 2499 973 2536 V
1026 2497 1062 2534 R
1105 2497 1131 2534 S
1177 2497 1218 2534 V
1258 2498 1285 2534 S

788 2568 846 2605 (ccl
882 2566 966 2603 Sat.
1006 2564 1081 2611 IX,
1110 2565 1174 2602 40.

406 2640 616 2677 Sententia
634 2637 756 2674 huius
776 2635 856 2673 loci
881 2639 962 2671 est:
1022 2633 1240 2681 Computat
1272 2636 1457 2670 accurate
1481 2630 1673 2669 cinaedus

289 2721 448 2755 avaruS,
475 2717 751 2758 quaecumque
780 2701 880 2740 mihi
914 2700 1020 2738 dono
1051 2699 1176 2747 dedit,
1218 2714 1268 2737 ac
1303 2707 1421 2746 cerel,
1460 2704 1502 2736 et
1536 2705 1673 2738 tamen
