1759 3029
603 137 1007 179 IVVENALIS
1402 148 1515 179 cxxt

125 253 426 297 Montsaueonii
471 251 666 292 Biblioth.
694 251 818 290 MSS.
856 266 931 290 nec
980 265 1065 291 non
1113 265 1187 292 sex
1218 249 1435 292 Vratislav.
1480 257 1523 288 et

124 323 298 363 totidem
329 321 574 359 Hasnienses
603 320 648 357 in
674 320 922 358 Heinrich&
952 326 1212 357 commentat.
1245 321 1276 357 Ι.
1309 321 1352 357 in
1386 320 1512 356 Iuve-

123 391 223 430 mdis
245 390 325 427 Sat.
362 388 445 426 Kil.
485 387 599 426 1806.
660 387 880 426 Praeterea
915 388 1121 425 variantes
1157 387 1303 437 viginti
1333 386 1520 425 codicum

122 458 318 495 lectiones
348 471 372 494 a
407 455 569 494 doctiss.
607 455 825 493 Schwabio
864 454 989 495 Conr.
1015 454 1165 505 Gymu.
1202 454 1364 501 Vinar.‚
1396 468 1416 491 a
1439 467 1520 505 quo

123 525 340 562 consilium
388 524 537 561 edendi
576 523 780 562 Iuvenalis
819 522 1025 560 abiectum
1072 527 1157 570 est,
1212 523 1370 571 accepit
1399 522 1437 558 S.
1468 521 1520 559 V.

124 592 305 636 Gurlitt,
345 592 420 629 Dr.
454 591 600 628 Theol.
631 590 745 628 Pros.
781 596 821 627 et
853 590 1052 629 Director
1088 590 1238 641 Gymn.
1271 589 1520 639 Hamburg.,

123 660 194 712 qui
225 660 270 697 in
307 659 439 697 literis
473 658 523 696 ad
555 671 620 696 me
657 657 758 696 datis
805 671 942 696 earum
982 658 1224 710 propediem
1258 657 1303 693 in
1346 656 1520 706 proluss.

122 725 312 765 scholast.
359 726 697 777 divulgandarum
752 740 866 778 spem
918 725 1031 764 fecit.
1110 724 1282 762 Codices
1321 723 1381 760 illi
1410 729 1523 760 sunt:

126 793 210 833 duo
231 795 579 843 Zwiccavienses,
611 794 806 846 (qllorum
845 794 949 832 alter
986 794 1084 831 olim
1122 793 1202 830 suit
1231 790 1390 829 Theod.
1420 791 1523 828 Pul-

124 857 279 913 manni)
320 862 681 912 Noviomagensis,
746 861 989 912 Miggrodii,
1041 858 1456 898 Schurzsseischlanus
1493 873 1523 896 s.

122 928 402 978 Vinariensis,
445 928 526 966 duo
575 929 926 979 HamburgenseS,
969 928 1302 974 Chemnieemis,
1343 928 1525 978 quinque

120 994 370 1044 Leidenscs,
401 994 726 1048 (Lugdunensis,
755 997 963 1045 Perizon„
990 995 1168 1046 Philipp.
1208 1002 1250 1032 et
1300 995 1380 1032 duo
1412 996 1525 1033 Vos-

119 1063 236 1112 ziani,
263 1063 565 1102 inCatal.Bibl.
582 1064 698 1102 Leid.
713 1066 843 1116 p.325
860 1065 896 1102 b.
923 1065 1003 1116 494
1024 1078 1057 1101 a.
1072 1064 1154 1111 374
1177 1077 1209 1099 a.
1227 1063 1308 1111 373
1325 1064 1455 1111 as378
1469 1060 1521 1113 a.)

122 1130 405 1170 Rottendorfii
427 1146 458 1173 s.
494 1131 713 1179 withofii,
749 1131 1030 1180 Lauhnensis,
1074 1130 1166 1182 (qui
1203 1129 1407 1182 quondam
1441 1131 1525 1168 suit

124 1197 308 1238 Christio
339 1199 453 1238 Prof.
490 1199 627 1251 Lips.‚
667 1205 753 1237 tum
797 1199 1008 1237 Illusfriss.
1064 1198 1112 1235 de
1145 1197 1257 1235 Zech
1293 1204 1334 1235 et
1375 1197 1524 1236 deinde

124 1265 339 1316 Lauhnio,
377 1268 611 1305 consiliario
645 1267 778 1304 aulico
813 1266 1100 1304 Tonstadiensi
1132 1266 1174 1303 in
1203 1278 1305 1317 pago
1336 1263 1524 1303 Thurin-

124 1334 236 1385 gico)
272 1334 352 1372 duo
394 1326 592 1373 Gothani'
614 1342 655 1373 et
686 1341 769 1372 tres
806 1335 1182 1385 Argentoratenses.
1260 1333 1368 1370 Octo
1407 1333 1526 1384 prio-

124 1413 192 1439 res
225 1415 250 1439 a
272 1401 401 1440 Gottl.
425 1402 569 1441 Cortio
595 1409 637 1440 et
671 1403 850 1455 quinque
884 1401 1108 1439 Leidenses
1144 1415 1167 1438 a
1200 1401 1259 1438 Io.
1294 1400 1525 1439 Schradero

124 1467 345 1520 diligenter
378 1469 477 1507 olim
513 1471 673 1508 excussi
709 1475 825 1517 sunt,
877 1469 1041 1520 quidam
1072 1481 1188 1515 &vero
1230 1467 1311 1506 iam
1345 1483 1367 1506 a
1408 1469 1528 1506 nobis

125 1537 195 1574 vel
240 1537 329 1575 aliis
359 1537 533 1585 collati*
582 1545 622 1575 et
655 1539 1023 1588 Argentoratenses
1064 1550 1150 1574 non
1180 1535 1261 1573 nisi
1291 1535 1336 1573 in
1369 1534 1526 1574 duabus

127 1603 271 1641 Satiris
301 1604 509 1656 prioribus
539 1605 774 1656 comparati.

239 1670 308 1708 Ex
351 1677 413 1709 tot
454 1671 700 1709 membranis
728 1671 910 1709 nondum
943 1670 1140 1722 inspectis
1171 1683 1323 1707 novam
1358 1683 1529 1722 eamque

127 1737 336 1788 ingentem
371 1738 579 1776 variarum
612 1739 840 1776 lectionum
874 1738 942 1776 vel
986 1738 1123 1789 potius
1172 1737 1373 1775 vitiorum
1408 1752 1528 1776 erro-

126 1817 303 1856 rumque
338 1805 485 1843 molem
523 1808 687 1856 congeri
724 1819 864 1857 posse,
910 1819 994 1844 non
1026 1811 1086 1843 est
1121 1804 1231 1857 quod
1279 1804 1526 1845 dubitemus.

127 1871 219 1909 Nec
250 1877 386 1910 tamen
409 1871 680 1921 crediderim,
719 1874 896 1910 multum
937 1872 1034 1910 in'de
1070 1871 1120 1908 ad
1147 1877 1308 1923 poetam
1340 1879 1527 1912 nostrum

129 1939 295 1978 fructus
319 1938 556 1977 rediturum
576 1954 675 1978 esse.
733 1940 841 1978 Nam
864 1939 1025 1978 codices
1053 1939 1252 1978 Iuvenalis
1283 1939 1402 1990 louge
1439 1954 1528 1979 ma—

127 2008 282 2045 ximam
306 2012 467 2057 partem
493 2013 591 2045 sunt
620 2007 872 2046 recentiores
896 2021 1030 2059 neque
1064 2006 1195 2057 digni,
1234 2007 1380 2058 quibus
1412 2022 1527 2047 com-

127 2073 317 2126 parandis
365 2073 587 2127 quidquam
634 2076 831 2127 temporis
872 2081 913 2113 et
948 2087 1096 2126 operae
1123 2073 1355 2125 impendas:
1398 2081 1440 2113 et
1475 2091 1529 2116 ex

130 2141 307 2181 XXXV
360 2142 480 2179 MSS.
520 2143 650 2181 Paris.
693 2143 741 2181 ab
785 2141 1011 2180 Achaintre
1045 2142 1224 2189 collatis,
1280 2142 1390 2180 inter
1424 2158 1528 2196 quos

129 2215 267 2248 tamen
288 2215 386 2247 sunt
407 2209 469 2247 illi
499 2211 677 2262 optimae
706 2216 825 2248 notae
858 2211 1089 2258 Puteanus,
1132 2208 1386 2258 colbertini,
1424 2212 1527 2250 Ale-

132 2276 379 2325 xandrinus,
408 2275 730 2326 Fa11chet³¹2nus‚
770 2277 1020 2316 Pithoeanus
1063 2283 1103 2314 et
1135 2277 1393 2326 Senatorius,
1423 2279 1528 2318 duae

131 2349 294 2382 tantum
318 2350 388 2383 aut
411 2351 495 2384 tres
520 2345 721 2384 lectiones
745 2351 932 2384 enotatae
953 2351 1073 2390 sunt,
1102 2346 1146 2383 in
1177 2344 1267 2382 aliis
1296 2358 1319 2382 a
1347 2360 1413 2385 me
1442 2360 1528 2388 non

132 2417 331 2465 repertae.
