1759 3029
269 165 352 209 206
619 165 674 206 D.
727 164 869 206 1VN4
918 163 1316 206 IVVENALIS

268 282 373 325 Rex
408 279 593 339 Pylius,
628 298 795 340 magno
832 287 870 325 si
904 285 1150 339 quidquam
1185 285 1330 326 cledis
1369 281 1591 338 Homero,

268 350 552 409 Exemplum
582 354 700 394 vitae
739 351 828 394 fuit
861 368 886 393 a
920 356 1100 394 coinice
1134 354 1366 394 secundae.

268 417 399 461 Felix
431 422 676 473 nimilum,
715 424 791 476 qui
822 429 892 462 tot
923 435 1006 478 per
1039 421 1215 463 saecula
1242 429 1441 463 moitem

267 486 463 529 Distulit
498 497 631 545 atque
667 505 771 531 suos
804 493 894 530 iam
929 491 1091 531 dextia
1127 497 1363 546 computat
1398 504 1542 530 annos

266 555 448 612 Quique
461 572 632 599 novum
648 566 693 600 to
701 561 779 600 ties
791 565 997 599 mustum
1006 558 1131 599 bibit.
1168 555 1281 610 Oro,
1295 572 1544 615 parumper
1567 571 1588 599 2
1600 557 1661 600 50

267 623 531 679 Adtendas,
573 634 797 681 quantum
826 628 880 667 de
911 626 1081 681 legibus
1113 629 1208 681 ipse
1245 634 1463 681 queratur

264 690 484 736 Fatorum
515 701 560 736 et
596 697 739 735 nimio
780 695 834 735 de
868 697 1083 744 stamine,
1132 707 1273 748 quum
1309 694 1432 735 videt
1465 695 1578 734 acris

264 758 506 803 Antilochi
537 762 723 804 barbam
758 764 1018 813 ardentem,
1056 775 1200 816 quum
1228 764 1404 817 quaerit
1433 761 1485 801 ab
1519 764 1662 814 omni,

265 829 482 886 Quisquis
516 833 641 873 adest
673 834 842 882 socius,
888 845 970 872 cur
1008 829 1117 870 haec
1153 832 1200 870 in
1236 838 1444 886 tempora
1479 829 1628 880 duret,

266 898 403 948 Quod
426 898 600 940 facinus
627 901 816 954 dignum
836 907 929 940 tam
963 898 1103 953 longo
1125 898 1358 938 admiserit
1380 896 1522 938 aevo?
1564 897 1661 940 255

263 965 390 1008 Haec
427 969 583 1008 eadem
618 967 806 1020 Peleus,
853 974 1040 1024 raptum
1077 980 1220 1021 quum
1255 966 1382 1021 luget
1412 962 1662 1017 Achillem,

263 1033 423 1090 Atque
454 1036 591 1087 alius,
637 1039 709 1076 cui
751 1035 815 1076 fas
849 1034 1057 1076 Ithacum
1092 1035 1248 1090 lugere
1283 1041 1532 1075 natantem.

262 1101 492 1145 Incolumi
526 1103 667 1145 Troia
700 1102 908 1146 Priamus
945 1107 1141 1144 venisset
1171 1103 1226 1144 ad
1258 1103 1440 1144 umbras

264 1169 479 1214 Assaraci
513 1176 686 1228 magnis
731 1172 1020 1223 solennibus,
1062 1170 1264 1212 Hectore
1299 1170 1439 1212 funus

263 1237 488 1282 Portan‘te
517 1256 566 1282 ac
597 1241 785 1296 reliquis
824 1240 1022 1282 fratrum
1058 1239 1304 1281 cervicibus
1334 1242 1459 1280 inter
1564 1236 1659 1281 260

261 1306 460 1351 Iliadum
494 1308 740 1361 lacrumas,
775 1316 828 1350 ut
858 1312 1034 1365 primos
1065 1309 1197 1350 edere
1225 1307 1439 1365 planctus

264 1375 517 1419 Cassandra
553 1381 776 1434 inciperet
811 1380 1034 1433 scissaque
1068 1375 1308 1433 Polyxena
1339 1376 1478 1433 palla,

265 1444 313 1485 Si
350 1444 473 1487 foret
505 1449 758 1487 exstinctus
791 1447 969 1487 diverso
1004 1454 1237 1502 tempore,
1282 1459 1372 1500 (1110
1410 1460 1507 1486 11011

263 1512 491 1570 Coeperat
523 1515 709 1556 audaces
745 1513 871 1555 Paris
910 1513 1144 1555 aedificare
1179 1515 1364 1554 carinas.

263 1580 428 1638 Longa
461 1584 553 1624 dies
583 1585 722 1638 igitur
754 1582 863 1637 quid
898 1582 1124 1623 contulit?
1175 1583 1324 1622 onmia
1362 1582 1477 1623 vidit
1561 1583 1655 1628 265

262 1649 457 1703 Eversa,
499 1659 545 1692 et
575 1650 769 1692 flammis
800 1647 961 1691 Asiam
995 1650 1210 1705 ferroque
1242 1649 1490 1692 cadentem.

262 1718 399 1760 Tunc
426 1720 559 1760 miles
590 1718 817 1760 tremulus
847 1722 996 1774 posita
1029 1718 1137 1758 tulit
1171 1733 1295 1758 arma
1324 1721 1439 1759 tiara

261 1786 324 1828 Et
358 1790 453 1828 ruit
486 1794 590 1828 ante
618 1802 744 1828 aram
775 1790 943 1827 summi
979 1785 1121 1837 Iovis,
1167 1793 1218 1826 ut
1253 1786 1434 1827 vetulus
1471 1785 1567 1839 bos,

263 1854 356 1906 Qui
387 1857 560 1897 domini
591 1855 752 1896 cultris
787 1863 925 1896 tenue
957 1862 1003 1895 et
1039 1853 1293 1896 miserabile
1327 1854 1501 1896 collum

262 1922 477 1976 Praebet,
518 1923 571 1963 ab
613 1925 794 1979 ingrato
825 1926 915 1963 iam
952 1923 1179 1964 fastiditus
1216 1930 1382 1964 aratro,
1558 1936 1651 1983 270

262 1990 428 2033 Exitus
461 1990 542 2032 ille
575 1998 824 2047 utcumque
857 1991 1081 2033 hominis:
1133 1991 1210 2032 sed
1254 1998 1387 2032 torva
1421 1994 1583 2032 canino

306 2145 385 2179 248.
419 2144 518 2191 quod
535 2150 595 2176 lot
629 2157 679 2189 17.
701 2144 754 2177 22.
779 2155 849 2188 per
870 2150 931 2177 tot
1035 2142 1113 2177 253.
1146 2153 1231 2175 nam
1257 2143 1400 2188 quaerit
1430 2154 1480 2179 10.
1518 2145 1651 2179 ¹5-2o.

263 2213 316 2236 ιο.
355 2202 404 2234 16.
435 2203 489 2235 25.
520 2203 576 2236 25.
606 2201 750 2235 45-50.
791 2202 844 2235 54.
875 2202 931 2235 55.
987 2201 1132 2243 25-27.
1166 2199 1305 2232 45-50.
1339 2202 1478 2245 54-69.
1508 2204 1650 2246 71-74.

260 2259 403 2303 57-60.
422 2260 477 2294 64.
501 2260 557 2293 65.
987 2269 1041 2303 77.
1061 2267 1093 2290 et
1110 2259 1270 2301 plerique
1293 2257 1396 2289 codd.
1414 2257 1519 2291 Paris.

1032 2314 1112 2346 251.
1148 2313 1194 2345 ab
1224 2315 1321 2346 omni
1346 2313 1516 2359 Quisquis
1543 2315 1651 2347 adest

309 2349 388 2395 249.
424 2350 556 2382 dextra
588 2349 662 2382 iam
687 2360 739 2393 19.
772 2349 811 2380 in
837 2348 929 2381 dex·
983 2372 1086 2404 SOU-0
1116 2383 1147 2415 7·
1183 2383 1231 2404 lo,
1265 2371 1403 2407 13-27·
1431 2372 1572 2405 45-50.
1595 2372 1651 2406 54·

261 2412 358 2441 tram
377 2406 408 2438 6'
433 2407 534 2450 Pmb‘
558 2407 637 2440 Iun*
984 2428 1040 2460 55.
1063 2428 1136 2471 57-
1152 2427 1205 2460 65.
1223 2427 1362 2472 65-69.
1383 2440 1438 2470 71.
1459 2440 1510 2470 72.
1538 2429 1591 2472 75.
1615 2437 1649 2461 ει

307 2487 387 2519 252.
412 2498 518 2530 quum
536 2486 636 2518 videt
654 2487 809 2519 revocavi
822 2497 861 2518 ex
877 2483 929 2516 14.
983 2487 1137 2517 maxima
1157 2498 1190 2528 1».
1183 2498 1235 2517 ,ιι-5
1264 2484 1366 2516 MSS.
1388 2484 1494 2516 l-a1is.

263 2543 316 2577 15.
342 2554 481 2586 17-22.
504 2544 559 2575 25.
580 2554 633 2587 27.
657 2545 712 2588 57.
734 2542 853 2576 58.61.
873 2541 929 2574 62.
1030 2542 1107 2575 205.
1133 2554 1203 2587 quo
1225 2554 1300 2574 mm.
1319 2554 1349 2586 7.
1371 2553 1421 2573 lo.
1447 2543 1544 2573 14-..
1536 2553 1579 2583 ¹7.
1594 2553 1648 2574 tvo.

228 2639 232 2642 ¹
262 2599 319 2633 65.
338 2597 392 2631 66.
412 2600 466 2636 67.
487 2599 542 2632 68.
565 2611 621 2644 7¹·
640 2612 692 2645 72.
725 2602 778 2644 75.
799 2600 852 2644 75.
873 2600 928 2644 76.
983 2599 1084 2631 45-
1081 2610 1125 2631 0
1151 2600 1224 2632 54-
1235 2599 1288 2631 50.
1313 2611 1388 2642 71-
1402 2598 1454 2640 74.
1481 2606 1515 2629 et
1534 2599 1646 2639 plcii—

260 2666 367 2700 quum
385 2656 478 2687 vidit
498 2657 542 2688 al.
605 2656 677 2690 Sed
700 2668 786 2691 mox
804 2658 927 2700 sequi·
983 2667 1052 2697 que
1074 2655 1176 2689 codd.
1196 2656 1301 2689 Paris.
1323 2665 1410 2698 quos
1435 2662 1571 2686 secutus
1597 2662 1647 2686 est

262 2719 320 2745 uu·
337 2724 444 2757 quum
465 2713 621 2756 qaaerit.
981 2711 1067 2745 Ach.
