1759 3029
292 171 374 198 mv
778 157 820 196 D
834 157 871 195 E

917 157 1180 198 SATIRA

294 279 388 320 tem,
417 283 536 322 quam
563 270 876 320 mordacitatem,
906 271 1115 323 signifieat,
1154 278 1194 310 et
1223 271 1357 323 Satyri
1386 286 1545 326 quoque
1574 274 1678 312 sala-

294 353 359 376 ces
390 338 554 389 quidem
577 337 644 376 vel
672 339 900 389 petulantes
931 346 970 378 et
995 340 1214 387 salfafores,
1244 353 1328 378 non
1357 347 1491 378 autem
1522 341 1679 379 dicaces

293 405 391 455 fingi
422 402 619 456 solebant)
648 418 780 457 neque
822 407 1024 457 singulare
1053 406 1239 458 aliquod,
1280 421 1303 444 a
1333 406 1500 445 Graecis
1532 410 1678 446 excul-

294 478 393 520 tum,
422 486 590 523 poeseos
622 474 928 524 carminumque
966 486 1092 523 genus
1132 487 1323 524 umquam
1352 475 1582 524 constituit,
1629 475 1680 514 ad.

296 539 405 591 quod
433 540 514 579 illa.
542 553 658 591 quam
688 554 809 590 supra
835 539 940 587 dedi,
967 539 1176 578 Ennianae
1206 547 1247 578 et
1267 541 1520 591 potissimum
1549 542 1680 580 Luci-

293 606 421 646 lianae
438 606 591 643 satirae
620 606 839 657 descriptio
868 607 922 644 ita
948 606 1163 644 transferri
1192 613 1323 658 queat,
1351 614 1396 645 ut
1423 621 1507 646 non
1536 621 1680 659 magna

295 671 622 725 deprehendatur
651 672 949 712 dissimilitudo.

342 825 385 859 38
410 825 550 868 Koenig
575 836 610 868 p.
642 834 696 857 11.

294 882 428 924 inquit,

743 849 769 865 ,‚
783 825 956 867 Omnino,

473 882 555 915 haee
582 883 684 923 vitia,
717 884 904 915 stultitiam
925 893 959 916 et

294 950 415 983 pravos
448 940 633 972 hominum
667 951 783 972 mores
818 941 957 973 ridendi

294 1005 328 1028 et
356 996 574 1038 vituperandi
622 998 711 1028 ratio
761 1009 958 1040 numquam

293 1055 470 1095 singulare
504 1053 648 1096 aliquod
679 1057 875 1087 carminum
892 1067 959 1097 ge-

293 1122 369 1150 nus,
402 1113 544 1153 proprio
575 1112 694 1153 aliquo
725 1115 868 1145 nomine
899 1114 959 1145 in-

296 1169 481 1209 signitum,
494 1167 587 1209 apud
599 1167 751 1200 Graecos
770 1171 960 1210 constituit,

294 1223 356 1256 sed
371 1224 480 1256 modo
499 1226 605 1268 epica,
619 1225 727 1257 modo
746 1227 864 1270 lyrica,
877 1237 960 1257 mo—

296 1280 342 1312 do
379 1280 588 1323 dramatica,
641 1282 750 1314 modo
789 1281 960 1314 didactica

296 1338 412 1369 forma
440 1338 572 1381 prodiit
597 1339 732 1380 induta,
758 1341 805 1371 ita
830 1348 960 1381 tamen,

294 1402 334 1428 ut
361 1394 524 1427 dicacitas
554 1408 691 1439 semper
718 1397 792 1429 fere
817 1398 854 1429 in
880 1409 960 1428 cer-

291 1459 347 1484 tos
370 1451 541 1494 quosdam
563 1453 736 1495 homines,
755 1465 825 1485 non
852 1457 886 1486 in
905 1456 960 1486 ri-

291 1509 340 1540 tia
368 1510 453 1551 ipsa,
488 1522 505 1541 a
525 1521 753 1552 personarum
774 1512 961 1554 complexu

297 1564 488 1607 disiuncta,
535 1576 762 1600 exerceretur.
773 1571 794 1587 “
845 1580 880 1612 p.
904 1570 960 1602 25.

295 1621 389 1664 „Sed
404 1625 449 1655 sit
466 1635 598 1656 nomen
613 1627 667 1656 vel
683 1627 835 1658 maxime
847 1625 961 1657 Grae-

295 1690 354 1710 cae
375 1681 530 1722 originis,
557 1681 654 1722 quod
677 1680 720 1712 de
738 1683 860 1713 multis
879 1695 961 1714 ver-

291 1734 348 1767 bis
368 1737 484 1769 latinis
512 1737 689 1780 probabili
721 1740 855 1769 ratione
886 1739 961 1771 dis-

293 1801 417 1836 putare
434 1797 543 1837 possis
556 1820 565 1835 ,
593 1795 660 1825 hoc
680 1803 796 1828 tamen
816 1804 961 1836 constat,

296 1847 450 1882 Graecos
478 1851 605 1882 eodem
631 1851 675 1882 ad
701 1853 866 1883 carminis
891 1854 961 1884 ali-

298 1906 394 1948 quod
415 1919 535 1950 genus,
546 1910 751 1951 praesertim
771 1910 961 1948 satiricum,

294 1974 491 2006 numquam
518 1966 623 1997 fuisse
663 1976 762 2004 usos,
804 1964 961 2006 adeoque

298 2031 381 2052 usus
401 2021 538 2062 saltem,
559 2021 602 2053 ad
621 2033 728 2064 quem
744 2022 892 2054 Romani
912 2022 961 2053 il-

295 2076 360 2109 lud
380 2078 626 2119 adhibuerunt,
640 2089 749 2111 novus
766 2087 814 2110 est
836 2078 961 2110 dicen-

296 2134 373 2167 dus.
408 2138 472 2178 “p.
501 2136 589 2177 24.,‚
645 2134 765 2168 Genus
791 2135 856 2168 hoc
882 2148 962 2168 car-

295 2191 404 2235 pendi
433 2194 520 2225 alios
549 2201 582 2225 et
611 2192 751 2226 ridendi
775 2193 960 2236 verbisque

297 2249 522 2283 mordacibus
558 2249 753 2282 incessendi
787 2262 961 2292 nusquam.

297 2305 424 2339 Graeci
442 2308 549 2339 verbo
569 2309 699 2350 aliquo,
719 2319 737 2338 a
751 2307 880 2351 Satyris
895 2318 961 2352 pe-

299 2365 375 2403 tite,
396 2365 663 2406 insigniverunt‚
688 2364 750 2396 sed
771 2366 847 2399 aliis
878 2375 960 2396 om-

297 2419 402 2451 nibus
433 2423 548 2462 potius
581 2424 632 2453 usi
655 2429 746 2463 sunt,
786 2431 960 2462 σκωπτειν,

297 2474 491 2520 διασυρειν,
544 2478 737 2522 κωμῳὸειν,
778 2477 959 2522 ἷαμβιζειν,

295 2531 514 2576 ἓφυβριζειν,
550 2536 735 2577 ipsumque
773 2535 963 2580 σατυριζειν

297 2588 342 2621 de
357 2591 496 2622 lascivia
511 2592 710 2634 petulanter
721 2605 756 2625 se
773 2601 961 2635 exserente,

297 2656 368 2677 non
390 2645 434 2678 de
454 2647 681 2680 mordacitate
713 2657 746 2681 et
766 2650 961 2682 subsanna-

295 2705 391 2740 tione
412 2713 638 2749 acceperunt3
674 2714 776 2750 atque
800 2716 864 2740 του
876 2716 961 2740 παι-

985 670 1020 696 38

1077 673 1268 727 Aliquam
1295 674 1458 725 quidem
1485 689 1577 713 cum
1604 674 1680 714 hac

1015 825 1083 866 ζειν
1107 828 1156 859 vis
1188 834 1222 858 et
1252 827 1470 868 significatio,
1497 825 1594 868 quod
1615 826 1683 859 Sa-

1014 893 1174 929 tyrorum
1201 885 1386 927 proprium
1428 895 1500 915 esse
1541 884 1681 926 dicitur,

1016 940 1060 973 de
1076 942 1248 984 petulanti
1271 951 1394 972 eorum
1412 941 1595 973 saltatione
1613 954 1683 985 po-

1016 1000 1094 1038 tius,
1118 1010 1224 1040 quam
1251 997 1294 1028 de
1320 996 1502 1029 dicacitate
1528 1000 1565 1030 in
1595 1000 1682 1032 alios

1015 1068 1051 1087 se
1081 1063 1257 1088 exserente
1282 1054 1587 1096 interpretandum
1620 1064 1684 1090 est.

1017 1112 1130 1156 Satyri
1158 1111 1304 1154 quidem
1337 1118 1434 1143 erant
1453 1113 1592 1153 salaces,
1614 1125 1684 1157 pe-

1017 1170 1179 1209 tulantes,
1209 1170 1410 1209 saltatores;
1470 1179 1527 1200 eos
1564 1178 1683 1201 autem

1019 1226 1174 1258 dicteriis
1196 1227 1284 1258 alios
1300 1227 1488 1265 incessisse,
1508 1236 1683 1267 nusquam

1017 1283 1109 1326 apud
1129 1283 1290 1321 Graecos,
1315 1294 1354 1313 eo
1378 1284 1501 1314 saltem
1521 1281 1686 1313 nondum

1017 1349 1190 1383 tempore,
1202 1352 1271 1382 quo
1290 1339 1411 1371 drama
1426 1340 1612 1382 satyricum
1627 1341 1685 1371 vi-

1019 1406 1128 1439 geret,
1153 1400 1270 1439 legere
1300 1407 1358 1428 me
1377 1398 1540 1436 memini,
1568 1407 1683 1438 neque

1016 1455 1082 1486 hoe
1095 1457 1129 1486 in
1142 1455 1207 1485 illo
1223 1454 1390 1493 dramate,
1406 1455 1441 1484 in
1454 1464 1555 1484 scena
1572 1464 1685 1495 agen-

1565 1521 1600 1552 p.
1627 1510 1685 1544 25.

1018 1569 1177 1608 „Nomen
1204 1569 1346 1599 satirae
1376 1566 1419 1598 ad
1448 1567 1622 1598 Ennianas
1651 1574 1687 1598 et

1019 1511 1076 1551 do,
1103 1512 1294 1543 obtinuisse
1325 1511 1520 1542 existimo.“

1018 1625 1226 1657 Pacuvianas
1247 1626 1375 1663 satiras,
1405 1626 1441 1655 in
1463 1624 1590 1665 quibus
1608 1626 1686 1667 pri-

1018 1693 1120 1713 mum
1140 1681 1339 1713 adhibitum
1362 1689 1424 1720 est,
1442 1683 1582 1723 proprie
1599 1694 1684 1724 per-

1018 1740 1141 1776 tinuit,
1185 1750 1256 1770 non
1287 1739 1331 1770 ad
1363 1739 1502 1780 singula
1529 1741 1685 1771 carmina

1017 1796 1164 1835 Horatii,
1189 1794 1298 1827 Persii
1324 1803 1358 1827 et
1382 1795 1566 1827 Iuvenalis.
1591 1795 1683 1828 Nam

1018 1853 1061 1884 ab
1084 1853 1199 1884 Ennio
1230 1859 1263 1882 et
1287 1851 1436 1882 Pacuvio
1456 1851 1568 1883 libros
1586 1853 1684 1883 inte-

1018 1919 1098 1950 gros
1123 1908 1329 1939 Satirarum.
1351 1909 1496 1939 nomine
1529 1909 1682 1950 insigni-

1019 1973 1070 1996 tos
1090 1965 1208 2004 fuisse,
1239 1975 1311 1996 non
1341 1964 1480 2005 singula
1506 1964 1683 1998 librorum

1017 2029 1210 2063 segmenta,
1233 2032 1386 2063 quorum
1402 2023 1565 2053 varietate
1586 2030 1685 2055 erant

1019 2080 1223 2121 compositi,
1249 2080 1328 2110 satis
1360 2086 1516 2110 constare
1543 2077 1682 2111 videtur

1018 2147 1059 2168 ex
1068 2135 1235 2175 Varrone,
1258 2137 1406 2167 illorum
1423 2137 1579 2167 virorum
1593 2137 1681 2168 imi-

1017 2200 1149 2232 tatore,
1191 2195 1288 2224 cuius
1329 2194 1470 2224 satiram
1518 2193 1682 2225 eamdem

1017 2248 1156 2281 Gellius
1177 2249 1203 2287 I,
1218 2260 1259 2281 22
1278 2250 1342 2281 sub
1361 2249 1512 2290 satirae,
1536 2257 1570 2280 et
1581 2247 1679 2288 XIII,

1020 2317 1055 2338 11
1078 2305 1143 2338 sub
1166 2304 1249 2338 libri
1265 2309 1408 2339 nomine
1429 2307 1568 2337 excitat.
1611 2304 1681 2350 (Cf.

1018 2375 1105 2405 quae
1124 2375 1226 2406 supra
1250 2363 1293 2394 de
1311 2363 1428 2395 Ennio
1461 2362 1560 2405 dixi.)
1587 2363 1680 2394 For-

1016 2433 1076 2452 san
1109 2422 1214 2451 etiam
1251 2420 1408 2452 Lucilius
1440 2419 1562 2460 libros,
1607 2432 1679 2453 non

1018 2489 1141 2510 eorum
1170 2477 1295 2510 diversi
1329 2478 1526 2520 argumenti
1550 2479 1680 2509 sectio-

1018 2547 1091 2574 nes,
1140 2534 1289 2566 Satiras
1308 2535 1495 2579 inscripsit.
1544 2532 1679 2567 Verum

1017 2603 1202 2636 progressu
1230 2593 1398 2635 temporis
1423 2592 1567 2624 tandem
1596 2603 1679 2623 ver-

1016 2650 1104 2682 bum
1150 2647 1216 2681 hoc
1255 2651 1435 2691 antiquam
1473 2660 1572 2681 suam
1605 2650 1678 2680 vim

1017 2708 1190 2749 amisisse,
1224 2715 1258 2739 et
1290 2705 1334 2739 ad
1366 2705 1544 2739 scribendi
1573 2715 1683 2747 genus
