1759 3029
231 213 339 242 xcw
451 199 548 240 DE
592 198 735 240 SAT.
765 199 1048 240 LVCILII
1088 196 1396 239 HORATII

232 322 276 356 et
306 329 474 367 operam
495 314 654 354 dedisse
679 316 867 365 videtur,
895 322 943 353 ut
967 315 1065 367 styli
1098 314 1306 352 Luciliani
1336 327 1502 364 nasum,
1530 315 1617 354 vim

231 390 274 422 et
303 382 555 421 inconditam
590 385 849 435 asperitatem
879 383 1102 421 Horatiana
1123 388 1336 420 venustate
1373 389 1414 419 et
1455 383 1618 432 elegan-

230 440 298 488 tia*
320 456 581 501 temperaret.
639 451 844 489 Iuvenalis
878 451 979 487 sales
1013 464 1132 500 saepe
1170 463 1253 487 non
1283 450 1417 486 minus
1468 450 1619 487 urbani

231 524 327 556 sunt
357 524 398 555 et
436 517 581 566 faceti,
613 532 734 569 quam
763 518 1001 565 Horatiani,
1039 523 1079 554 et
1109 530 1413 568 nonnumquam
1446 520 1522 567 Per
1550 523 1618 553 to-

231 592 315 623 tam
355 586 582 624 orationem
623 585 705 622 susi
747 599 791 622 ac
828 585 978 636 sparsi,
1020 587 1080 631 (v.
1111 598 1143 621 c.
1178 585 1220 622 in
1257 585 1337 621 Sat.
1371 584 1445 621 IV.
1479 591 1519 621 et
1552 584 1618 621 di-

230 652 358 691 midia
389 654 471 690 Sat.
510 651 626 695 XII.)
662 651 903 703 plerumque
937 666 1037 689 vero
1063 652 1131 688 vel
1176 652 1302 688 amari
1334 658 1374 688 et
1418 651 1620 699 venenati,

230 720 299 758 vel
336 719 387 758 ad
424 718 687 766 cachinnum,
726 732 809 756 non
844 719 993 766 risum,
1032 717 1278 756 movendum
1315 719 1419 769 apti,
1444 719 1511 755 vel
1545 718 1620 755 ob-

232 787 382 824 scoeni.
451 785 603 836 Lepidi
651 786 737 823 eius
768 786 849 823 ioci
886 791 1072 837 spectant
1111 786 1330 837 praecipue
1378 785 1427 822 ad
1461 785 1621 822 vanita-

230 861 316 892 tem
347 854 415 892 vel
451 853 660 902 religionis
693 853 1004 904 vulgariumque
1034 851 1085 889 de
1117 858 1263 890 natura
1296 852 1482 890 Deorum
1524 865 1620 889 sen-

230 922 471 968 tentiarum,
510 920 579 957 Vel
618 919 849 957 fabularum
886 920 1165 970 poeticarum,
1209 913 1400 971 quarum⁶
1425 919 1619 957 deriden-

228 987 374 1025 darum
419 988 571 1024 nullam
617 987 906 1037 praetermittit
948 987 1211 1024 occasionem.
1277 986 1342 1027 Cf.
1373 988 1454 1024 Sat.
1483 988 1522 1035 I,
1565 989 1615 1025 81

229 1069 311 1106 seq.
360 1055 414 1102 ΙΙ,
447 1055 513 1092 51.
561 1055 636 1092 130
687 1068 767 1106 seq.
808 1055 882 1101 IV,
912 1055 966 1092 34
1000 1068 1081 1106 seq.
1114 1054 1199 1101 VI,
1243 1054 1306 1106 59.
1341 1055 1426 1103 IX,
1454 1054 1506 1092 65
1537 1068 1619 1107 seq.

230 1121 285 1169 X,
323 1122 416 1160 246.
458 1122 551 1160 314.
583 1121 682 1170 XII,
717 1120 784 1163 25.
816 1120 938 1165 XIII,
973 1122 1175 1159 34—52.
1210 1121 1276 1178 76,
1303 1136 1384 1174 seq.
1427 1134 1501 1161 112
1535 1136 1619 1175 seq.

226 1189 346 1238 XIV,
380 1189 476 1229 261.
1262 1179 1267 1182 ’

310 1257 475 1295 Horatii
519 1263 559 1295 et
597 1256 802 1295 Iuvenalis
842 1257 987 1295 satirae
1029 1255 1217 1295 redolent
1249 1264 1290 1295 et
1321 1258 1479 1308 spirant
1507 1257 1621 1295 illam

226 1324 380 1375 ingenii
434 1324 663 1361 ubertatem
711 1331 751 1361 ct
795 1324 1114 1372 secunditatem,
1155 1339 1256 1376 quae
1299 1325 1366 1362 vel
1404 1325 1491 1375 ipsa
1518 1323 1619 1361 novi

227 1391 326 1443 quid
360 1391 493 1442 parit,
523 1396 565 1427 et
594 1391 817 1445 intentata·
835 1393 882 1430 ab
916 1392 1003 1429 aliis
1039 1397 1192 1440 tentat,
1222 1392 1289 1429 vel
1316 1393 1482 1430 inventa
1516 1392 1620 1429 alio-

225 1470 320 1495 rum
355 1471 427 1494 sua
459 1458 575 1505 facit,
603 1458 820 1508 ingeniosis
854 1472 938 1496 non
968 1459 1103 1496 minus
1135 1460 1341 1509 ingeniose
1375 1465 1516 1507 utens,
1546 1473 1621 1496 ru-

227 1524 294 1562 dia
331 1531 465 1563 autem
501 1530 541 1561 et
575 1523 764 1563 inchoata
805 1526 987 1577 poliens,
1029 1539 1200 1575 ornans,
1233 1527 1459 1578 perficiens.
1516 1527 1621 1564 Per-

225 1592 310 1629 sius
354 1597 528 1643 utraque
564 1605 732 1642 prorsus
766 1593 855 1631 scre
904 1592 1121 1631 destitutus
1155 1601 1263 1632 erat:
1294 1595 1499 1646 permulta
1525 1594 1619 1631 Ho-

223 1659 329 1696 ratio
377 1665 541 1709 accepta
578 1659 709 1696 refert
755 1666 817 1708 et,
867 1660 900 1697 si
934 1659 1110 1697 Cornuti
1150 1661 1405 1713 aliorumque
1458 1661 1620 1699 Stoico-

223 1739 318 1763 runi
356 1726 505 1775 scripta
541 1724 590 1762 ad
620 1732 793 1764 aetatem
825 1734 1006 1765 nostram
1038 1730 1343 1779 pervenissent,
1371 1729 1490 1780 plura
1509 1727 1619 1767 haud

222 1792 346 1830 dubie
379 1793 575 1842 vestigia,
601 1794 648 1830 ab
680 1808 727 1831 eo
764 1808 931 1845 pressa,
962 1794 1373 1846 deprehenderemus.

308 1859 432 1907 Quod
469 1859 519 1896 ad
552 1861 771 1897 sententias
804 1863 971 1910 attinet,
1010 1863 1206 1900 Horatius
1242 1862 1395 1911 facete,
1434 1863 1619 1915 pruden-

222 1932 307 1973 ter,
349 1925 492 1963 callide
523 1932 565 1963 et
601 1928 729 1970 amice
764 1927 928 1977 suadet,
957 1929 1122 1966 Persius
1157 1936 1296 1979 argute
1346 1930 1619 1982 philosopha-

221 1998 316 2040 tur,
357 2006 497 2029 rerum
541 1994 726 2044 pondera
767 2008 884 2046 saepe
940 1996 1221 2034 minutissimis
1256 1999 1469 2036 sententiis
1501 1999 1618 2036 sran-

220 2072 341 2110 gens,
383 2060 588 2096 Iuvenalis
620 2061 689 2097 vel
733 2063 913 2112 graviter
942 2062 1170 2113 dissuadet,
1203 2066 1273 2103 vel
1308 2066 1422 2103 virus
1455 2067 1615 2104 acerbi-

217 2127 313 2163 tatis
364 2140 458 2164 suae
506 2127 680 2175 evomit,
721 2134 761 2165 at
794 2142 1099 2182 nonnumquam
1137 2133 1297 2170 inanem
1331 2134 1427 2170 artis
1458 2133 1616 2171 doctri-

218 2205 375 2245 naeque
426 2194 686 2232 ostentandae
734 2196 998 2247 cupiditatem
1037 2198 1179 2250 prodit
1224 2207 1264 2237 et
1306 2201 1454 2252 friget,
1491 2201 1614 2238 nimis

219 2268 376 2298 sectans
421 2261 619 2298 orationis
672 2262 880 2302 luxuriem
930 2261 984 2318 (v.
1019 2279 1052 2302 c.
1091 2267 1170 2304 Sat.
1205 2266 1282 2316 IX,
1338 2280 1411 2307 102
1442 2281 1522 2320 seq.
1558 2268 1615 2317 X,

218 2329 299 2365 218
329 2342 409 2380 seq.
471 2328 560 2376 XI,
616 2330 688 2377 137
718 2344 797 2382 seq.
840 2331 969 2380 XIII,
1018 2334 1188 2386 23ffiseq.
1234 2336 1288 2373 34
1315 2349 1395 2386 seq.
1443 2335 1496 2372 40
1530 2349 1612 2387 seq.

216 2393 268 2433 62
295 2409 376 2447 seq.
415 2393 489 2446 al.)
514 2402 556 2432 et
588 2394 800 2435 rhetorum
833 2400 1035 2449 argutias:
1066 2414 1168 2452 quae
1192 2407 1330 2440 tamen
1364 2409 1483 2440 acuta
1507 2402 1614 2442 dicta

215 2462 334 2500 valde
371 2462 649 2500 admirabatur
690 2464 878 2516 Scaliger.

301 2529 522 2568 Sententiis
573 2532 824 2582 salubribus,
862 2534 914 2572 ad
951 2536 1077 2574 vitani
1115 2536 1238 2585 bene,
1282 2536 1477 2585 honeste,
1514 2536 1612 2576 seli-

211 2597 316 2635 citer
367 2604 487 2649 atque
541 2599 717 2638 iucunde
770 2602 963 2653 agendam
1018 2610 1059 2641 et
1110 2603 1161 2641 ad
1216 2618 1396 2643 amorem
1446 2605 1610 2643 virtutis

211 2664 489 2716 vitiorumque
557 2665 696 2705 odium
758 2669 1005 2720 gignendum
1063 2671 1383 2723 pe1·t.inentibns‚
1433 2672 1608 2711 refertae

211 2738 307 2771 sunt
336 2738 426 2771 tum
458 2740 672 2784 poetarum
710 2736 876 2776 illorum
908 2738 1076 2787 satirae,
1112 2744 1199 2777 tuni
1230 2739 1396 2778 Horatii
1437 2741 1606 2791 potissi-
