1759 3029
214 156 362 188 xcvuu
447 143 537 183 DE
578 140 718 181 SAT.
754 138 1026 179 chlLll
1073 137 1379 178 HORATM

215 260 459 300 facetiarum.
485 263 525 295 et
560 257 755 295 sermonis
789 255 1024 307 generibuS,
1052 253 1269 291 multarum
1304 266 1467 300 rerum,
1495 252 1601 291 scitu

214 341 296 366 non
335 327 468 365 minus
506 330 712 375 gratarum
747 336 865 374 quam
902 321 1090 368 utilium,
1118 321 1235 371 copia
1272 321 1477 372 variisque
1507 333 1602 358 ora-

213 394 338 433 tionis
379 398 419 430 et
448 406 616 444 poeseos
643 390 796 428 artibus
819 390 860 426 in
884 386 1162 435 inveniendis,
1195 386 1472 438 disponendis,
1502 400 1603 424 con-

215 459 424 499 nectendis
471 466 511 497 et
550 457 740 496 ornandis
779 457 922 503 rebus,
966 455 1007 492 in
1052 455 1339 492 sententiarum
1376 469 1420 492 ac
1451 454 1604 492 verbo-

214 542 308 567 rum
348 527 528 574 delectu,
559 524 782 571 abundant3
812 530 851 560 et
883 522 1025 572 dignae
1060 523 1225 560 omnino
1261 529 1376 570 sunt,
1420 534 1522 572 quae
1554 520 1604 556 ab

214 608 480 647 unoquoque,
522 593 590 644 qui
633 603 716 629 non
759 590 879 628 modo
912 602 1052 640 sapere
1085 589 1176 639 plus
1219 603 1337 640 quam
1368 590 1504 640 plebs,
1536 584 1609 624 sed.

217 662 388 710 honeste
434 661 554 698 etiam
606 665 646 696 et
697 656 873 695 iucunde
926 657 1068 693 vivere
1115 658 1248 705 cupit,
1303 656 1517 706 diligenter
1562 668 1606 692 ac

217 729 397 768 studiose
426 742 501 779 per
534 733 659 764 totam
688 725 813 763 vitam
843 723 1039 772 legantur.
1097 722 1309 774 Quidquid
1352 730 1486 759 autem
1518 721 1612 760 vitii

218 798 285 836 vel
329 803 434 833 aetas
477 794 544 831 vel
585 798 797 830 auctorum
833 790 1035 827 institutio
1070 789 1119 827 iis
1156 789 1376 840 adspersit,
1409 789 1531 827 facile
1566 787 1611 825 id'

217 864 371 916 poterit
409 861 529 900 vitari
578 874 660 897 non
705 865 860 896 tantum
903 871 925 894 a
965 858 1087 904 viris,
1131 857 1276 908 quibus
1310 857 1519 893 subactum
1553 861 1612 892 est

216 930 415 970 iudicium
449 936 487 966 et
518 935 658 980 pectus
701 925 897 977 sapientia
931 924 1150 972 munitum,
1178 923 1248 961 sed
1285 925 1403 961 etiam
1441 938 1463 961 a
1490 924 1610 960 iuve-
1642 932 1647 943 ·

220 999 364 1041 nibus,
404 995 525 1033 modo
555 1007 637 1032 non
667 994 809 1030 obtuso
841 993 921 1028 sint
955 992 1118 1042 ingenio
1156 997 1222 1028 aut
1259 990 1396 1027 idonci
1443 1003 1612 1041 praece-

219 1064 348 1116 pioris
384 1076 459 1113 ope
489 1068 528 1099 et
567 1060 744 1098 consiliis
782 1058 974 1097 destituti.
1043 1059 1174 1097 Levia
1219 1071 1379 1110 quoque
1415 1057 1484 1095 illa
1515 1056 1616 1095 vitia

218 1138 362 1183 poetae
412 1129 563 1167 satirici
620 1134 680 1165 tot
735 1127 936 1177 tantisque
990 1126 1255 1163 redemerunt
1305 1125 1527 1163 virtutibus
1574 1129 1615 1162 et

221 1205 333 1236 tanto
368 1197 485 1247 plura
530 1194 703 1241 habent,
747 1207 848 1244 quac
882 1194 999 1230 utilia
1027 1200 1068 1230 et
1097 1193 1325 1244 praeclara,
1361 1205 1480 1243 quam
1515 1203 1616 1242 quae

221 1263 491 1315 vituperanda
526 1261 594 1298 vel
624 1260 868 1310 ignoscenda
897 1260 1040 1298 saltem
1069 1259 1204 1297 videri
1237 1259 1412 1310 possint,
1447 1264 1493 1295 ut
1524 1257 1617 1308 plus

224 1339 265 1370 et
304 1330 523 1381 voluptatis
564 1334 604 1365 et
642 1328 798 1365 fructus
847 1341 900 1364 ex
933 1327 1122 1374 illorum,
1171 1339 1291 1377 quam
1347 1339 1400 1363 ex
1443 1325 1616 1362 aliorum

222 1400 493 1450 scriptorum,
519 1401 602 1432 tam
627 1400 810 1443 veterum
825 1423 835 1442 ,
868 1408 986 1445 quam
1020 1393 1325 1436 recentiorum,
1369 1392 1545 1431 lectione
1567 1388 1618 1428 ad

223 1481 297 1505 nos
328 1463 541 1504 redundet.
602 1461 865 1511 Quantopere
887 1462 1020 1512 itaque
1060 1474 1130 1497 eos
1167 1459 1382 1507 Romanis,
1410 1459 1481 1497 illo
1517 1470 1617 1497 aevo

224 1532 478 1577 viventibus,
517 1535 558 1565 et
601 1528 821 1579 placuisse,
868 1535 907 1566 et
957 1528 1161 1579 profuisse
1212 1518 1474 1577 putabimus?
1512 1525 1621 1563 Nam

224 1600 379 1638 satirici
411 1603 573 1648 poetae,
602 1596 672 1647 qui
707 1608 841 1632 mores
875 1595 1113 1632 describunt
1145 1595 1295 1630 saeculi
1330 1594 1393 1630 sni
1428 1605 1618 1629 suorum-

228 1681 306 1720 que
353 1664 610 1717 popularium
655 1669 697 1699 et
748 1662 999 1713 aequalium,
1050 1661 1199 1700 horum
1258 1674 1418 1713 quoque
1467 1659 1623 1696 animos

228 1748 347 1787 quam
379 1732 554 1769 maxime
585 1729 832 1781 percutiunt.

318 1798 428 1848 Quid
458 1798 592 1835 vero'?
633 1809 769 1834 nonne
811 1797 981 1834 nimium
1023 1797 1128 1834 risus
1169 1796 1490 1846 sacetiarumque
1523 1806 1621 1843 pre-

228 1870 333 1906 tium
359 1871 430 1913 cst,
454 1865 486 1901 si
507 1863 729 1901 honestatis
754 1863 1048 1913 probitatisque
1072 1861 1280 1912 impendio
1294 1861 1507 1898 constant?
1536 1861 1627 1900 Iam

231 1935 386 1974 dudum
417 1932 525 1968 enim
555 1929 695 1966 audire
726 1927 826 1965 mihi
864 1927 1008 1964 videor
1042 1928 1163 1979 paulo
1204 1928 1418 1978 rigidiores
1461 1941 1622 1965 morum

233 2013 422 2040 censores
442 1997 620 2048 graviter
644 1996 846 2032 obscoena
867 1995 957 2042 illa,
988 2000 1070 2031 tam
1093 2008 1271 2045 quamea,
1301 2009 1402 2046 quae
1422 1995 1624 2046 pudorem

233 2067 438 2107 offendant
468 2071 507 2101 et
544 2068 718 2100 noceant
757 2075 917 2098 morum
947 2062 1144 2108 castitati,
1180 2061 1413 2100 damnantes
1441 2069 1482 2099 et
1519 2062 1624 2099 Per-

232 2137 364 2183 sium,
407 2131 476 2183 qui
507 2131 554 2168 ab
583 2130 656 2178 iis,
694 2129 727 2166 si
751 2134 932 2180 quartam
962 2129 1174 2179 exceperis
1214 2130 1400 2177 satiram,
1439 2129 1624 2167 abstinu-

234 2203 334 2249 erit,
379 2199 552 2237 Horatio
583 2202 800 2248 propterea
831 2201 872 2232 ct
901 2195 1084 2232 Iuvenali
1112 2196 1398 2234 anteferentes.
1465 2197 1504 2234 V
1508 2208 1625 2233 erum

235 2271 345 2307 enim
377 2279 477 2304 vero
509 2265 616 2301 salva
645 2276 710 2300 res
739 2267 820 2310 est,
849 2262 1010 2312 iamque
1037 2263 1156 2301 multi
1195 2277 1355 2301 causan]
1394 2263 1624 2313 famamque

232 2335 382 2373 horum
419 2338 631 2385 poetarum
682 2334 992 2381 propugnarunt
1016 2326 1047 2350 ¹³
1092 2336 1134 2367 et
1181 2331 1225 2368 in
1272 2330 1335 2367 his
1385 2343 1516 2381 nuper
1562 2328 1622 2366 Cl.

233 2401 419 2451 Koenig‚
445 2399 514 2447 (de
545 2400 627 2436 Sat.
657 2397 777 2436 Rom.
805 2410 844 2447 p.
877 2395 930 2447 96
960 2399 1063 2448 seq.)
1095 2398 1210 2437 cuius
1247 2398 1373 2436 verba
1397 2410 1506 2435 nunc
1534 2409 1625 2433 mea

282 2522 323 2554 13
365 2521 417 2553 De
470 2522 652 2554 obscoenis
693 2520 889 2552 multorum
946 2531 986 2552 ro
1010 2520 1052 2552 T.
1078 2519 1137 2555 lv.
1165 2531 1198 2562 p.
1230 2518 1490 2562 §ow—5024.
1523 2516 1622 2548 Edit.

230 2580 441 2621 scriptorum
466 2578 552 2610 locis
576 2579 704 2621 passim
729 2576 891 2609 disseruit
946 2575 1101 2608 Rotterd.
1142 2587 1237 2617 1720.
1273 2576 1329 2618 (T.
1354 2575 1416 2607 III.
1459 2586 1494 2617 p.
1530 2572 1620 2616 3159

232 2635 336 2679 Bayle
362 2637 397 2667 in
423 2634 515 2665 Dict.
542 2635 620 2668 hist.
651 2636 726 2666 crit.
752 2632 835 2676 (vid.
853 2634 888 2665 iu
946 2645 996 2676 sq.
1020 2632 1087 2664 Ed.
1108 2631 1273 2664 Rouerd:
1296 2631 1400 2675 1702)
1420 2632 1456 2662 in
1476 2629 1622 2661 Eclat'r—

229 2694 272 2727 ei.
297 2691 376 2725 Ind.
407 2689 642 2735 Obsce‘nitez)
666 2692 805 2734 copiose
826 2702 888 2723 ve·
945 2691 1134 2723 cis-sentent
1153 2701 1215 2722 sur
1237 2689 1289 2721 les
1317 2687 1547 2720 Obsce'nitez.

1744 2678 1756 2757 -20--·
1743 2650 1754 2662 <J
