<?xml version="1.0" encoding="UTF-8"?>
<!DOCTYPE html PUBLIC "-//W3C//DTD XHTML 1.0 Transitional//EN"
    "http://www.w3.org/TR/xhtml1/DTD/xhtml1-transitional.dtd">
<html xmlns="http://www.w3.org/1999/xhtml" xml:lang="en" lang="en">
 <head>
  <title>
</title>
<meta http-equiv="Content-Type" content="text/html;charset=utf-8" />
  <meta name='ocr-system' content='tesseract 3.04.00' />
  <meta name='ocr-capabilities' content='ocr_page ocr_carea ocr_par ocr_line ocrx_word'/>
</head>
<body>
  <div class='ocr_page' id='page_1' title='image "./satirae16adoptim01juveuoft/satirae16adoptim01juveuoft_0117.png"; bbox 0 0 1759 3029; ppageno 0'>
   <div class='ocr_carea' id='block_1_1' title="bbox 606 162 1507 205">
    <p class='ocr_par' dir='ltr' id='par_1_1' title="bbox 606 162 1507 205">
     <span class='ocr_line' id='line_1_1' title="bbox 606 162 1507 205; baseline 0.001 -1"><span class='ocrx_word' id='word_1_1' title='bbox 606 162 1005 205; x_wconf 84' lang='lat' dir='ltr'>IVVENALIS</span> <span class='ocrx_word' id='word_1_2' title='bbox 1412 178 1507 205; x_wconf 65' lang='lat' dir='ltr'><strong>evit</strong></span> 
     </span>
    </p>
   </div>
   <div class='ocr_carea' id='block_1_2' title="bbox 111 278 1518 2756">
    <p class='ocr_par' dir='ltr' id='par_1_2' title="bbox 119 278 1513 1075">
     <span class='ocr_line' id='line_1_2' title="bbox 126 278 1510 332; baseline 0.001 -15"><span class='ocrx_word' id='word_1_3' title='bbox 126 278 200 327; x_wconf 77' lang='lat' dir='ltr'><strong>sit,</strong></span> <span class='ocrx_word' id='word_1_4' title='bbox 241 278 557 318; x_wconf 85' lang='lat' dir='ltr'><strong>memorabilem.</strong></span> <span class='ocrx_word' id='word_1_5' title='bbox 625 279 764 317; x_wconf 83' lang='lat' dir='ltr'><strong>Habet</strong></span> <span class='ocrx_word' id='word_1_6' title='bbox 812 279 922 317; x_wconf 87' lang='lat' dir='ltr'><strong>enim</strong></span> <span class='ocrx_word' id='word_1_7' title='bbox 974 278 1289 332; x_wconf 82' lang='lat' dir='ltr'><strong>quamplurimas</strong></span> <span class='ocrx_word' id='word_1_8' title='bbox 1335 280 1510 328; x_wconf 80' lang='lat' dir='ltr'><strong>lacunas,</strong></span> 
     </span>
     <span class='ocr_line' id='line_1_3' title="bbox 125 345 1511 398; baseline 0.002 -16"><span class='ocrx_word' id='word_1_9' title='bbox 125 346 291 383; x_wconf 85' lang='lat' dir='ltr'><strong>minime</strong></span> <span class='ocrx_word' id='word_1_10' title='bbox 323 346 475 398; x_wconf 86' lang='lat' dir='ltr'><strong>ubique</strong></span> <span class='ocrx_word' id='word_1_11' title='bbox 506 361 559 385; x_wconf 80' lang='lat' dir='ltr'><strong>ex</strong></span> <span class='ocrx_word' id='word_1_12' title='bbox 587 345 926 385; x_wconf 82' lang='lat' dir='ltr'><strong>homoeoteleutis</strong></span> <span class='ocrx_word' id='word_1_13' title='bbox 956 354 1087 395; x_wconf 73' lang='lat' dir='ltr'><strong>ortas,</strong></span> <span class='ocrx_word' id='word_1_14' title='bbox 1117 347 1375 386; x_wconf 84' lang='lat' dir='ltr'><strong>disiectiones</strong></span> <span class='ocrx_word' id='word_1_15' title='bbox 1412 361 1511 386; x_wconf 81' lang='lat' dir='ltr'><strong>ver-</strong></span> 
     </span>
     <span class='ocr_line' id='line_1_4' title="bbox 124 414 1513 464; baseline 0.003 -14"><span class='ocrx_word' id='word_1_16' title='bbox 124 427 266 461; x_wconf 79' lang='lat' dir='ltr'><strong>suum,</strong></span> <span class='ocrx_word' id='word_1_17' title='bbox 307 414 583 462; x_wconf 74' lang='lat' dir='ltr'><strong>diductiones,</strong></span> <span class='ocrx_word' id='word_1_18' title='bbox 638 414 896 452; x_wconf 75' lang='lat' dir='ltr'><strong>adiectiones.</strong></span> <span class='ocrx_word' id='word_1_19' title='bbox 949 415 1068 464; x_wconf 84' lang='lat' dir='ltr'><strong>Quae</strong></span> <span class='ocrx_word' id='word_1_20' title='bbox 1108 415 1244 452; x_wconf 85' lang='lat' dir='ltr'><strong>omnia</strong></span> <span class='ocrx_word' id='word_1_21' title='bbox 1279 416 1388 453; x_wconf 86' lang='lat' dir='ltr'><strong>unde</strong></span> <span class='ocrx_word' id='word_1_22' title='bbox 1429 416 1513 454; x_wconf 78' lang='lat' dir='ltr'><strong>sint</strong></span> 
     </span>
     <span class='ocr_line' id='line_1_5' title="bbox 122 480 1513 526; baseline 0.002 -8"><span class='ocrx_word' id='word_1_23' title='bbox 122 487 237 526; x_wconf 79' lang='lat' dir='ltr'><strong>orta,</strong></span> <span class='ocrx_word' id='word_1_24' title='bbox 277 481 494 520; x_wconf 83' lang='lat' dir='ltr'><strong>admodum</strong></span> <span class='ocrx_word' id='word_1_25' title='bbox 529 488 589 519; x_wconf 87' lang='lat' dir='ltr'><strong>est</strong></span> <span class='ocrx_word' id='word_1_26' title='bbox 623 481 786 519; x_wconf 82' lang='lat' dir='ltr'><strong>difficile</strong></span> <span class='ocrx_word' id='word_1_27' title='bbox 820 480 944 519; x_wconf 83' lang='lat' dir='ltr'><strong>dictu.</strong></span> <span class='ocrx_word' id='word_1_28' title='bbox 999 481 1192 520; x_wconf 75' lang='lat' dir='ltr'><strong>Fluxisse</strong></span> <span class='ocrx_word' id='word_1_29' title='bbox 1233 482 1381 520; x_wconf 83' lang='lat' dir='ltr'><strong>codicis</strong></span> <span class='ocrx_word' id='word_1_30' title='bbox 1414 489 1513 521; x_wconf 82' lang='lat' dir='ltr'><strong>tex-</strong></span> 
     </span>
     <span class='ocr_line' id='line_1_6' title="bbox 121 549 1513 600; baseline 0.001 -14"><span class='ocrx_word' id='word_1_31' title='bbox 121 555 207 586; x_wconf 81' lang='lat' dir='ltr'><strong>tum</strong></span> <span class='ocrx_word' id='word_1_32' title='bbox 252 563 304 587; x_wconf 76' lang='lat' dir='ltr'><strong>ex</strong></span> <span class='ocrx_word' id='word_1_33' title='bbox 353 549 568 588; x_wconf 83' lang='lat' dir='ltr'><strong>admodum</strong></span> <span class='ocrx_word' id='word_1_34' title='bbox 609 549 743 587; x_wconf 83' lang='lat' dir='ltr'><strong>lacero</strong></span> <span class='ocrx_word' id='word_1_35' title='bbox 785 549 1029 600; x_wconf 78' lang='lat' dir='ltr'><strong>exemplari,</strong></span> <span class='ocrx_word' id='word_1_36' title='bbox 1073 549 1148 587; x_wconf 73' lang='lat' dir='ltr'><strong>vix</strong></span> <span class='ocrx_word' id='word_1_37' title='bbox 1193 550 1513 600; x_wconf 81' lang='lat' dir='ltr'><strong>persuaclemur3</strong></span> 
     </span>
     <span class='ocr_line' id='line_1_7' title="bbox 121 616 1513 656; baseline 0.003 -4"><span class='ocrx_word' id='word_1_38' title='bbox 121 616 231 653; x_wconf 84' lang='lat' dir='ltr'><strong>unde</strong></span> <span class='ocrx_word' id='word_1_39' title='bbox 253 619 359 656; x_wconf 87' lang='lat' dir='ltr'><strong>enim</strong></span> <span class='ocrx_word' id='word_1_40' title='bbox 397 623 462 655; x_wconf 84' lang='lat' dir='ltr'><strong>tot</strong></span> <span class='ocrx_word' id='word_1_41' title='bbox 500 617 775 655; x_wconf 72' lang='lat' dir='ltr'><strong>mutationes?</strong></span> <span class='ocrx_word' id='word_1_42' title='bbox 833 617 967 655; x_wconf 85' lang='lat' dir='ltr'><strong>Aliam</strong></span> <span class='ocrx_word' id='word_1_43' title='bbox 1006 623 1143 654; x_wconf 83' lang='lat' dir='ltr'><strong>autem</strong></span> <span class='ocrx_word' id='word_1_44' title='bbox 1166 631 1254 654; x_wconf 82' lang='lat' dir='ltr'><strong>esse</strong></span> <span class='ocrx_word' id='word_1_45' title='bbox 1275 624 1412 654; x_wconf 73' lang='lat' dir='ltr'><strong>‘rexms</strong></span> <span class='ocrx_word' id='word_1_46' title='bbox 1442 632 1513 656; x_wconf 87' lang='lat' dir='ltr'><strong>re·-</strong></span> 
     </span>
     <span class='ocr_line' id='line_1_8' title="bbox 121 684 1512 738; baseline 0.002 -18"><span class='ocrx_word' id='word_1_47' title='bbox 121 685 351 723; x_wconf 78' lang='lat' dir='ltr'><strong>censionem</strong></span> <span class='ocrx_word' id='word_1_48' title='bbox 380 686 427 723; x_wconf 84' lang='lat' dir='ltr'><strong>ab</strong></span> <span class='ocrx_word' id='word_1_49' title='bbox 459 686 547 736; x_wconf 83' lang='lat' dir='ltr'><strong>ipso</strong></span> <span class='ocrx_word' id='word_1_50' title='bbox 579 685 806 738; x_wconf 82' lang='lat' dir='ltr'><strong>profectam</strong></span> <span class='ocrx_word' id='word_1_51' title='bbox 844 685 1053 732; x_wconf 73' lang='lat' dir='ltr'><strong>Iuvenali,</strong></span> <span class='ocrx_word' id='word_1_52' title='bbox 1110 684 1199 736; x_wconf 91' lang='lat' dir='ltr'><strong>quis</strong></span> <span class='ocrx_word' id='word_1_53' title='bbox 1235 685 1375 722; x_wconf 81' lang='lat' dir='ltr'>credet</span> <span class='ocrx_word' id='word_1_54' title='bbox 1412 699 1512 736; x_wconf 85' lang='lat' dir='ltr'><strong>per-</strong></span> 
     </span>
     <span class='ocr_line' id='line_1_9' title="bbox 119 751 1512 801; baseline 0.003 -14"><span class='ocrx_word' id='word_1_55' title='bbox 119 751 305 801; x_wconf 80' lang='lat' dir='ltr'><strong>pendeus.</strong></span> <span class='ocrx_word' id='word_1_56' title='bbox 321 759 362 790; x_wconf 85' lang='lat' dir='ltr'><strong>et</strong></span> <span class='ocrx_word' id='word_1_57' title='bbox 385 753 465 790; x_wconf 66' lang='lat' dir='ltr'><strong>Sat.</strong></span> <span class='ocrx_word' id='word_1_58' title='bbox 486 753 558 790; x_wconf 90' lang='lat' dir='ltr'><strong>IV.</strong></span> <span class='ocrx_word' id='word_1_59' title='bbox 579 754 820 791; x_wconf 71' lang='lat' dir='ltr'><strong>brevitatem</strong></span> <span class='ocrx_word' id='word_1_60' title='bbox 845 753 889 789; x_wconf 88' lang='lat' dir='ltr'><strong>in</strong></span> <span class='ocrx_word' id='word_1_61' title='bbox 925 758 1068 790; x_wconf 81' lang='lat' dir='ltr'><strong>nostro</strong></span> <span class='ocrx_word' id='word_1_62' title='bbox 1092 752 1201 789; x_wconf 80' lang='lat' dir='ltr'><strong>Msto</strong></span> <span class='ocrx_word' id='word_1_63' title='bbox 1229 759 1318 790; x_wconf 87' lang='lat' dir='ltr'><strong>octo</strong></span> <span class='ocrx_word' id='word_1_64' title='bbox 1352 758 1512 791; x_wconf 67' lang='lat' dir='ltr'><strong>tantum</strong></span> 
     </span>
     <span class='ocr_line' id='line_1_10' title="bbox 119 820 1513 868; baseline 0.002 -14"><span class='ocrx_word' id='word_1_65' title='bbox 119 820 305 856; x_wconf 80' lang='lat' dir='ltr'><strong>versibus</strong></span> <span class='ocrx_word' id='word_1_66' title='bbox 338 821 576 868; x_wconf 74' lang='lat' dir='ltr'><strong>consfantis,</strong></span> <span class='ocrx_word' id='word_1_67' title='bbox 614 826 655 858; x_wconf 83' lang='lat' dir='ltr'><strong>et</strong></span> <span class='ocrx_word' id='word_1_68' title='bbox 674 820 944 857; x_wconf 65' lang='lat' dir='ltr'><strong>mutationum</strong></span> <span class='ocrx_word' id='word_1_69' title='bbox 982 820 1207 867; x_wconf 84' lang='lat' dir='ltr'><strong>rationem,</strong></span> <span class='ocrx_word' id='word_1_70' title='bbox 1246 826 1286 857; x_wconf 85' lang='lat' dir='ltr'><strong>et</strong></span> <span class='ocrx_word' id='word_1_71' title='bbox 1323 825 1513 858; x_wconf 81' lang='lat' dir='ltr'><strong>veterum</strong></span> 
     </span>
     <span class='ocr_line' id='line_1_11' title="bbox 120 884 1512 937; baseline 0.003 -15"><span class='ocrx_word' id='word_1_72' title='bbox 120 884 379 925; x_wconf 79' lang='lat' dir='ltr'><strong>scholiorum</strong></span> <span class='ocrx_word' id='word_1_73' title='bbox 401 888 641 926; x_wconf 76' lang='lat' dir='ltr'><strong>silen’sium&#39;.&gt;</strong></span> <span class='ocrx_word' id='word_1_74' title='bbox 689 887 829 925; x_wconf 83' lang='lat' dir='ltr'><strong>Alium</strong></span> <span class='ocrx_word' id='word_1_75' title='bbox 870 887 996 937; x_wconf 79' lang='lat' dir='ltr'><strong>igitur</strong></span> <span class='ocrx_word' id='word_1_76' title='bbox 1028 887 1245 925; x_wconf 79' lang='lat' dir='ltr'><strong>immisisse</strong></span> <span class='ocrx_word' id='word_1_77' title='bbox 1290 887 1438 926; x_wconf 81' lang='lat' dir='ltr'><strong>falcem</strong></span> <span class='ocrx_word' id='word_1_78' title='bbox 1467 887 1512 926; x_wconf 87' lang='lat' dir='ltr'><strong>in</strong></span> 
     </span>
     <span class='ocr_line' id='line_1_12' title="bbox 119 951 1213 1007; baseline 0.003 -17"><span class='ocrx_word' id='word_1_79' title='bbox 119 951 325 992; x_wconf 65' lang='lat' dir='ltr'><strong>Iuvenalis</strong></span> <span class='ocrx_word' id='word_1_80' title='bbox 348 970 546 1003; x_wconf 83' lang='lat' dir='ltr'><strong>messem,</strong></span> <span class='ocrx_word' id='word_1_81' title='bbox 575 956 648 994; x_wconf 78' lang='lat' dir='ltr'><strong>vix</strong></span> <span class='ocrx_word' id='word_1_82' title='bbox 670 962 751 1002; x_wconf 79' lang='lat' dir='ltr'><strong>est,</strong></span> <span class='ocrx_word' id='word_1_83' title='bbox 795 953 905 1007; x_wconf 87' lang='lat' dir='ltr'><strong>quod</strong></span> <span class='ocrx_word' id='word_1_84' title='bbox 935 954 1213 993; x_wconf 82' lang='lat' dir='ltr'><strong>dubitemus.“</strong></span> 
     </span>
     <span class='ocr_line' id='line_1_13' title="bbox 237 1023 956 1075; baseline 0 -15"><span class='ocrx_word' id='word_1_85' title='bbox 237 1023 349 1060; x_wconf 81' lang='lat'><strong>14-</strong></span> <span class='ocrx_word' id='word_1_86' title='bbox 368 1023 428 1061; x_wconf 80' lang='lat'><strong>16.</strong></span> <span class='ocrx_word' id='word_1_87' title='bbox 458 1023 824 1075; x_wconf 67' lang='lat' dir='ltr'><strong>Norimbergenses</strong></span> <span class='ocrx_word' id='word_1_88' title='bbox 861 1029 956 1071; x_wconf 87' lang='lat' dir='ltr'><strong>tres,</strong></span> 
     </span>
    </p>

    <p class='ocr_par' dir='ltr' id='par_1_3' title="bbox 111 1089 1518 2756">
     <span class='ocr_line' id='line_1_14' title="bbox 119 1089 1515 1142; baseline 0.004 -17"><span class='ocrx_word' id='word_1_89' title='bbox 119 1102 246 1139; x_wconf 90' lang='lat' dir='ltr'><strong>quos,</strong></span> <span class='ocrx_word' id='word_1_90' title='bbox 276 1104 355 1128; x_wconf 88' lang='lat' dir='ltr'><strong>una</strong></span> <span class='ocrx_word' id='word_1_91' title='bbox 378 1104 470 1129; x_wconf 85' lang='lat' dir='ltr'><strong>cum</strong></span> <span class='ocrx_word' id='word_1_92' title='bbox 511 1090 606 1128; x_wconf 83' lang='lat' dir='ltr'><strong>edit.</strong></span> <span class='ocrx_word' id='word_1_93' title='bbox 631 1090 743 1142; x_wconf 87' lang='lat' dir='ltr'><strong>Lips.</strong></span> <span class='ocrx_word' id='word_1_94' title='bbox 784 1092 921 1137; x_wconf 74' lang='lat'><strong>1502,</strong></span> <span class='ocrx_word' id='word_1_95' title='bbox 960 1095 1128 1128; x_wconf 82' lang='lat' dir='ltr'><strong>auctore</strong></span> <span class='ocrx_word' id='word_1_96' title='bbox 1153 1089 1371 1128; x_wconf 84' lang='lat' dir='ltr'><strong>Mannerto</strong></span> <span class='ocrx_word' id='word_1_97' title='bbox 1399 1103 1515 1130; x_wconf 81' lang='lat' dir='ltr'><strong>corn·-</strong></span> 
     </span>
     <span class='ocr_line' id='line_1_15' title="bbox 117 1157 1518 1209; baseline 0.003 -16"><span class='ocrx_word' id='word_1_98' title='bbox 117 1157 278 1207; x_wconf 83' lang='lat' dir='ltr'><strong>paravit</strong></span> <span class='ocrx_word' id='word_1_99' title='bbox 314 1158 514 1209; x_wconf 81' lang='lat' dir='ltr'><strong>Seybold,</strong></span> <span class='ocrx_word' id='word_1_100' title='bbox 560 1157 721 1197; x_wconf 77' lang='lat' dir='ltr'><strong>doctiss.</strong></span> <span class='ocrx_word' id='word_1_101' title='bbox 775 1157 897 1196; x_wconf 86' lang='lat' dir='ltr'><strong>Conr.</strong></span> <span class='ocrx_word' id='word_1_102' title='bbox 936 1157 1085 1208; x_wconf 84' lang='lat' dir='ltr'><strong>Gymn.</strong></span> <span class='ocrx_word' id='word_1_103' title='bbox 1133 1157 1320 1194; x_wconf 84' lang='lat' dir='ltr'><strong>Norimb.</strong></span> <span class='ocrx_word' id='word_1_104' title='bbox 1382 1158 1518 1197; x_wconf 66' lang='lat' dir='ltr'><strong>Codex</strong></span> 
     </span>
     <span class='ocr_line' id='line_1_16' title="bbox 111 1224 1516 1277; baseline 0.001 -17"><span class='ocrx_word' id='word_1_105' title='bbox 111 1226 302 1274; x_wconf 72' lang='lat' dir='ltr'><strong>primuS,</strong></span> <span class='ocrx_word' id='word_1_106' title='bbox 344 1227 674 1264; x_wconf 84' lang='lat' dir='ltr'><strong>membranaceus</strong></span> <span class='ocrx_word' id='word_1_107' title='bbox 705 1224 895 1277; x_wconf 87' lang='lat' dir='ltr'><strong>idemque</strong></span> <span class='ocrx_word' id='word_1_108' title='bbox 929 1225 1233 1276; x_wconf 83' lang='lat' dir='ltr'><strong>antiquissimus</strong></span> <span class='ocrx_word' id='word_1_109' title='bbox 1267 1225 1516 1264; x_wconf 84' lang='lat' dir='ltr'><strong>emendatis-</strong></span> 
     </span>
     <span class='ocr_line' id='line_1_17' title="bbox 117 1291 1517 1344; baseline 0.004 -17"><span class='ocrx_word' id='word_1_110' title='bbox 117 1291 344 1344; x_wconf 81' lang='lat' dir='ltr'><strong>timusque,</strong></span> <span class='ocrx_word' id='word_1_111' title='bbox 373 1294 417 1332; x_wconf 88' lang='lat' dir='ltr'><strong>in</strong></span> <span class='ocrx_word' id='word_1_112' title='bbox 442 1293 653 1344; x_wconf 86' lang='lat' dir='ltr'><strong>splendida</strong></span> <span class='ocrx_word' id='word_1_113' title='bbox 672 1291 920 1330; x_wconf 81' lang='lat' dir='ltr'><strong>bibliotheca</strong></span> <span class='ocrx_word' id='word_1_114' title='bbox 946 1291 1179 1329; x_wconf 81' lang='lat' dir='ltr'><strong>Ebneriana</strong></span> <span class='ocrx_word' id='word_1_115' title='bbox 1209 1299 1440 1331; x_wconf 69' lang='lat' dir='ltr'><strong>asservatur</strong></span> <span class='ocrx_word' id='word_1_116' title='bbox 1475 1300 1517 1332; x_wconf 82' lang='lat' dir='ltr'><strong>et</strong></span> 
     </span>
     <span class='ocr_line' id='line_1_18' title="bbox 117 1359 1513 1410; baseline 0.002 -14"><span class='ocrx_word' id='word_1_117' title='bbox 117 1359 287 1397; x_wconf 83' lang='lat' dir='ltr'><strong>mutilus</strong></span> <span class='ocrx_word' id='word_1_118' title='bbox 312 1366 395 1398; x_wconf 86' lang='lat' dir='ltr'><strong>est:</strong></span> <span class='ocrx_word' id='word_1_119' title='bbox 431 1360 716 1398; x_wconf 80' lang='lat' dir='ltr'><strong>desiderantur</strong></span> <span class='ocrx_word' id='word_1_120' title='bbox 749 1361 856 1398; x_wconf 88' lang='lat' dir='ltr'><strong>enim</strong></span> <span class='ocrx_word' id='word_1_121' title='bbox 890 1360 933 1397; x_wconf 89' lang='lat' dir='ltr'><strong>in</strong></span> <span class='ocrx_word' id='word_1_122' title='bbox 964 1373 1012 1396; x_wconf 90' lang='lat' dir='ltr'><strong>eo</strong></span> <span class='ocrx_word' id='word_1_123' title='bbox 1045 1359 1126 1396; x_wconf 84' lang='lat' dir='ltr'><strong>Sat.</strong></span> <span class='ocrx_word' id='word_1_124' title='bbox 1150 1359 1224 1408; x_wconf 90' lang='lat' dir='ltr'><strong>VI,</strong></span> <span class='ocrx_word' id='word_1_125' title='bbox 1255 1360 1513 1410; x_wconf 77' lang='lat'><strong>269—303.</strong></span> 
     </span>
     <span class='ocr_line' id='line_1_19' title="bbox 119 1425 1514 1480; baseline 0.001 -17"><span class='ocrx_word' id='word_1_126' title='bbox 119 1425 247 1475; x_wconf 82' lang='lat' dir='ltr'>VIII,</span> <span class='ocrx_word' id='word_1_127' title='bbox 278 1428 423 1467; x_wconf 78' lang='lat'>1-63.</span> <span class='ocrx_word' id='word_1_128' title='bbox 450 1428 516 1476; x_wconf 88' lang='lat' dir='ltr'><strong>X,</strong></span> <span class='ocrx_word' id='word_1_129' title='bbox 545 1441 693 1480; x_wconf 81' lang='lat' dir='ltr'><strong>9--7o.</strong></span> <span class='ocrx_word' id='word_1_130' title='bbox 725 1428 802 1474; x_wconf 81' lang='lat' dir='ltr'><strong>XI,</strong></span> <span class='ocrx_word' id='word_1_131' title='bbox 837 1427 1066 1466; x_wconf 83' lang='lat'>152—208.</span> <span class='ocrx_word' id='word_1_132' title='bbox 1105 1427 1285 1477; x_wconf 87' lang='lat' dir='ltr'><strong>Margini</strong></span> <span class='ocrx_word' id='word_1_133' title='bbox 1318 1428 1404 1465; x_wconf 87' lang='lat' dir='ltr'><strong>eius</strong></span> <span class='ocrx_word' id='word_1_134' title='bbox 1438 1427 1514 1466; x_wconf 88' lang='lat' dir='ltr'><strong>ad·-</strong></span> 
     </span>
     <span class='ocr_line' id='line_1_20' title="bbox 120 1493 1516 1546; baseline 0.001 -15"><span class='ocrx_word' id='word_1_135' title='bbox 120 1495 294 1546; x_wconf 80' lang='lat' dir='ltr'><strong>serip‘sae</strong></span> <span class='ocrx_word' id='word_1_136' title='bbox 327 1502 423 1534; x_wconf 89' lang='lat' dir='ltr'><strong>sunt</strong></span> <span class='ocrx_word' id='word_1_137' title='bbox 448 1496 627 1546; x_wconf 87' lang='lat' dir='ltr'><strong>glossae,</strong></span> <span class='ocrx_word' id='word_1_138' title='bbox 652 1495 723 1533; x_wconf 87' lang='lat' dir='ltr'><strong>sed</strong></span> <span class='ocrx_word' id='word_1_139' title='bbox 759 1496 887 1533; x_wconf 76' lang='lat' dir='ltr'><strong>literis</strong></span> <span class='ocrx_word' id='word_1_140' title='bbox 913 1493 1196 1532; x_wconf 84' lang='lat' dir='ltr'><strong>minutissimis</strong></span> <span class='ocrx_word' id='word_1_141' title='bbox 1232 1500 1273 1532; x_wconf 86' lang='lat' dir='ltr'><strong>et</strong></span> <span class='ocrx_word' id='word_1_142' title='bbox 1308 1507 1516 1533; x_wconf 82' lang='lat' dir='ltr'><strong>nonnum-</strong></span> 
     </span>
     <span class='ocr_line' id='line_1_21' title="bbox 122 1558 1515 1613; baseline 0.001 -15"><span class='ocrx_word' id='word_1_143' title='bbox 122 1574 242 1611; x_wconf 87' lang='lat' dir='ltr'><strong>quam</strong></span> <span class='ocrx_word' id='word_1_144' title='bbox 277 1562 395 1601; x_wconf 85' lang='lat' dir='ltr'><strong>valde</strong></span> <span class='ocrx_word' id='word_1_145' title='bbox 430 1563 593 1613; x_wconf 90' lang='lat' dir='ltr'><strong>pallidis</strong></span> <span class='ocrx_word' id='word_1_146' title='bbox 631 1563 699 1603; x_wconf 85' lang='lat' dir='ltr'><strong>vel</strong></span> <span class='ocrx_word' id='word_1_147' title='bbox 736 1558 946 1600; x_wconf 79' lang='lat' dir='ltr'><strong>maculatis</strong></span> <span class='ocrx_word' id='word_1_148' title='bbox 991 1561 1059 1598; x_wconf 80' lang='lat' dir='ltr'><strong>vel</strong></span> <span class='ocrx_word' id='word_1_149' title='bbox 1100 1560 1199 1598; x_wconf 89' lang='lat' dir='ltr'><strong>adeo</strong></span> <span class='ocrx_word' id='word_1_150' title='bbox 1247 1561 1371 1608; x_wconf 84' lang='lat' dir='ltr'><strong>rasis,</strong></span> <span class='ocrx_word' id='word_1_151' title='bbox 1412 1576 1515 1613; x_wconf 82' lang='lat' dir='ltr'><strong>quae</strong></span> 
     </span>
     <span class='ocr_line' id='line_1_22' title="bbox 122 1628 1514 1678; baseline 0.001 -13"><span class='ocrx_word' id='word_1_152' title='bbox 122 1642 188 1665; x_wconf 87' lang='lat' dir='ltr'><strong>eas</strong></span> <span class='ocrx_word' id='word_1_153' title='bbox 224 1628 335 1666; x_wconf 74' lang='lat' dir='ltr'><strong>lectu</strong></span> <span class='ocrx_word' id='word_1_154' title='bbox 369 1628 623 1667; x_wconf 86' lang='lat' dir='ltr'><strong>difficillimas</strong></span> <span class='ocrx_word' id='word_1_155' title='bbox 670 1629 860 1667; x_wconf 83' lang='lat' dir='ltr'><strong>reddunt.</strong></span> <span class='ocrx_word' id='word_1_156' title='bbox 929 1628 1125 1678; x_wconf 87' lang='lat' dir='ltr'><strong>Reliqua,</strong></span> <span class='ocrx_word' id='word_1_157' title='bbox 1178 1641 1279 1678; x_wconf 82' lang='lat' dir='ltr'><strong>quae</strong></span> <span class='ocrx_word' id='word_1_158' title='bbox 1326 1628 1514 1667; x_wconf 78' lang='lat' dir='ltr'><strong>adhunc</strong></span> 
     </span>
     <span class='ocr_line' id='line_1_23' title="bbox 125 1694 1514 1746; baseline 0.001 -14"><span class='ocrx_word' id='word_1_159' title='bbox 125 1694 318 1733; x_wconf 78' lang='lat' dir='ltr'><strong>codicem</strong></span> <span class='ocrx_word' id='word_1_160' title='bbox 338 1702 545 1746; x_wconf 78' lang='lat' dir='ltr'><strong>spectant,</strong></span> <span class='ocrx_word' id='word_1_161' title='bbox 573 1710 740 1733; x_wconf 84' lang='lat' dir='ltr'><strong>monere</strong></span> <span class='ocrx_word' id='word_1_162' title='bbox 769 1695 985 1746; x_wconf 76' lang='lat' dir='ltr'><strong>occupavit</strong></span> <span class='ocrx_word' id='word_1_163' title='bbox 1002 1695 1193 1732; x_wconf 72' lang='lat' dir='ltr'><strong>NIannert</strong></span> <span class='ocrx_word' id='word_1_164' title='bbox 1221 1694 1266 1731; x_wconf 90' lang='lat' dir='ltr'><strong>in</strong></span> <span class='ocrx_word' id='word_1_165' title='bbox 1286 1694 1514 1734; x_wconf 83' lang='lat' dir='ltr'><strong>Miscellan.</strong></span> 
     </span>
     <span class='ocr_line' id='line_1_24' title="bbox 121 1763 1514 1814; baseline 0.001 -15"><span class='ocrx_word' id='word_1_166' title='bbox 121 1775 159 1814; x_wconf 88' lang='lat' dir='ltr'><strong>p.</strong></span> <span class='ocrx_word' id='word_1_167' title='bbox 180 1764 243 1810; x_wconf 89' lang='lat'><strong>78.</strong></span> <span class='ocrx_word' id='word_1_168' title='bbox 302 1764 390 1811; x_wconf 82' lang='lat' dir='ltr'><strong>„Ab</strong></span> <span class='ocrx_word' id='word_1_169' title='bbox 432 1763 550 1801; x_wconf 86' lang='lat' dir='ltr'><strong>initio</strong></span> <span class='ocrx_word' id='word_1_170' title='bbox 577 1763 657 1800; x_wconf 86' lang='lat' dir='ltr'><strong>situ</strong></span> <span class='ocrx_word' id='word_1_171' title='bbox 687 1763 976 1812; x_wconf 81' lang='lat' dir='ltr'><strong>vermibusque</strong></span> <span class='ocrx_word' id='word_1_172' title='bbox 1020 1768 1236 1813; x_wconf 73' lang='lat' dir='ltr'><strong>corruptus</strong></span> <span class='ocrx_word' id='word_1_173' title='bbox 1284 1767 1325 1798; x_wconf 82' lang='lat' dir='ltr'><strong>et</strong></span> <span class='ocrx_word' id='word_1_174' title='bbox 1365 1763 1514 1812; x_wconf 82' lang='lat' dir='ltr'><strong>passim</strong></span> 
     </span>
     <span class='ocr_line' id='line_1_25' title="bbox 120 1827 1515 1881; baseline -0.001 -13"><span class='ocrx_word' id='word_1_175' title='bbox 120 1831 290 1869; x_wconf 77' lang='lat' dir='ltr'><strong>maculis</strong></span> <span class='ocrx_word' id='word_1_176' title='bbox 328 1829 514 1867; x_wconf 82' lang='lat' dir='ltr'><strong>foedatus</strong></span> <span class='ocrx_word' id='word_1_177' title='bbox 544 1835 619 1867; x_wconf 85' lang='lat' dir='ltr'><strong>est.</strong></span> <span class='ocrx_word' id='word_1_178' title='bbox 691 1830 852 1867; x_wconf 82' lang='lat' dir='ltr'><strong>Maiore</strong></span> <span class='ocrx_word' id='word_1_179' title='bbox 889 1829 1101 1866; x_wconf 84' lang='lat' dir='ltr'><strong>literarum</strong></span> <span class='ocrx_word' id='word_1_180' title='bbox 1143 1827 1399 1875; x_wconf 68' lang='lat' dir='ltr'><strong>charactere,</strong></span> <span class='ocrx_word' id='word_1_181' title='bbox 1444 1831 1515 1881; x_wconf 88' lang='lat' dir='ltr'><strong>qui</strong></span> 
     </span>
     <span class='ocr_line' id='line_1_26' title="bbox 119 1894 1515 1947; baseline -0.001 -11"><span class='ocrx_word' id='word_1_182' title='bbox 119 1899 232 1936; x_wconf 86' lang='lat' dir='ltr'><strong>saec.</strong></span> <span class='ocrx_word' id='word_1_183' title='bbox 258 1897 345 1936; x_wconf 88' lang='lat' dir='ltr'><strong>XII</strong></span> <span class='ocrx_word' id='word_1_184' title='bbox 372 1895 563 1935; x_wconf 84' lang='lat' dir='ltr'><strong>adhiberi</strong></span> <span class='ocrx_word' id='word_1_185' title='bbox 599 1896 778 1943; x_wconf 85' lang='lat' dir='ltr'><strong>solebat,</strong></span> <span class='ocrx_word' id='word_1_186' title='bbox 805 1895 1020 1947; x_wconf 85' lang='lat' dir='ltr'><strong>perspicue</strong></span> <span class='ocrx_word' id='word_1_187' title='bbox 1055 1894 1239 1946; x_wconf 87' lang='lat' dir='ltr'><strong>quidem,</strong></span> <span class='ocrx_word' id='word_1_188' title='bbox 1268 1908 1344 1932; x_wconf 84' lang='lat' dir='ltr'><strong>nec</strong></span> <span class='ocrx_word' id='word_1_189' title='bbox 1379 1902 1515 1935; x_wconf 69' lang='lat' dir='ltr'><strong>tamen</strong></span> 
     </span>
     <span class='ocr_line' id='line_1_27' title="bbox 121 1962 1511 2017; baseline -0.002 -13"><span class='ocrx_word' id='word_1_190' title='bbox 121 1966 328 2017; x_wconf 80' lang='lat' dir='ltr'><strong>eleganter</strong></span> <span class='ocrx_word' id='word_1_191' title='bbox 358 1970 561 2002; x_wconf 81' lang='lat' dir='ltr'><strong>exaratus.</strong></span> <span class='ocrx_word' id='word_1_192' title='bbox 620 1962 812 2001; x_wconf 87' lang='lat' dir='ltr'><strong>Unciales</strong></span> <span class='ocrx_word' id='word_1_193' title='bbox 844 1963 990 2000; x_wconf 85' lang='lat' dir='ltr'><strong>literae</strong></span> <span class='ocrx_word' id='word_1_194' title='bbox 1020 1962 1101 2000; x_wconf 87' lang='lat' dir='ltr'><strong>iam</strong></span> <span class='ocrx_word' id='word_1_195' title='bbox 1120 1976 1233 2000; x_wconf 88' lang='lat' dir='ltr'><strong>more</strong></span> <span class='ocrx_word' id='word_1_196' title='bbox 1255 1962 1364 1999; x_wconf 82' lang='lat' dir='ltr'><strong>illius</strong></span> <span class='ocrx_word' id='word_1_197' title='bbox 1399 1963 1511 2002; x_wconf 83' lang='lat' dir='ltr'><strong>Sacc.</strong></span> 
     </span>
     <span class='ocr_line' id='line_1_28' title="bbox 120 2029 1515 2085; baseline -0.003 -13"><span class='ocrx_word' id='word_1_198' title='bbox 120 2032 387 2085; x_wconf 81' lang='lat' dir='ltr'><strong>degenerant:</strong></span> <span class='ocrx_word' id='word_1_199' title='bbox 413 2045 489 2083; x_wconf 89' lang='lat' dir='ltr'><strong>pro</strong></span> <span class='ocrx_word' id='word_1_200' title='bbox 505 2045 553 2069; x_wconf 85' lang='lat' dir='ltr'><strong>ae</strong></span> <span class='ocrx_word' id='word_1_201' title='bbox 575 2030 818 2083; x_wconf 76' lang='lat' dir='ltr'><strong>plerumque</strong></span> <span class='ocrx_word' id='word_1_202' title='bbox 842 2045 876 2083; x_wconf 71' lang='grc' dir='ltr'><strong>ς.</strong></span> <span class='ocrx_word' id='word_1_203' title='bbox 896 2043 990 2067; x_wconf 83' lang='lat' dir='ltr'><strong>raro</strong></span> <span class='ocrx_word' id='word_1_204' title='bbox 1003 2030 1135 2080; x_wconf 88' lang='lat' dir='ltr'><strong>simpl.</strong></span> <span class='ocrx_word' id='word_1_205' title='bbox 1157 2044 1176 2066; x_wconf 84' lang='lat' dir='ltr'><strong>e</strong></span> <span class='ocrx_word' id='word_1_206' title='bbox 1190 2058 1204 2073; x_wconf 83' lang='lat'><strong>,</strong></span> <span class='ocrx_word' id='word_1_207' title='bbox 1235 2036 1275 2066; x_wconf 82' lang='lat' dir='ltr'><strong>et</strong></span> <span class='ocrx_word' id='word_1_208' title='bbox 1296 2029 1321 2065; x_wconf 66' lang='grc' dir='ltr'>ἶ</span> <span class='ocrx_word' id='word_1_209' title='bbox 1338 2045 1411 2080; x_wconf 84' lang='lat' dir='ltr'><strong>pro</strong></span> <span class='ocrx_word' id='word_1_210' title='bbox 1439 2045 1515 2068; x_wconf 82' lang='lat' dir='ltr'><strong>con</strong></span> 
     </span>
     <span class='ocr_line' id='line_1_29' title="bbox 119 2097 1513 2149; baseline -0.002 -10"><span class='ocrx_word' id='word_1_211' title='bbox 119 2102 404 2148; x_wconf 80' lang='lat' dir='ltr'><strong>substituitur3</strong></span> <span class='ocrx_word' id='word_1_212' title='bbox 435 2101 469 2136; x_wconf 79' lang='lat' dir='ltr'><strong>ii</strong></span> <span class='ocrx_word' id='word_1_213' title='bbox 495 2112 586 2136; x_wconf 86' lang='lat' dir='ltr'><strong>cum</strong></span> <span class='ocrx_word' id='word_1_214' title='bbox 612 2098 814 2149; x_wconf 85' lang='lat' dir='ltr'><strong>apicibus,</strong></span> <span class='ocrx_word' id='word_1_215' title='bbox 850 2099 866 2134; x_wconf 87' lang='lat' dir='ltr'><strong>i</strong></span> <span class='ocrx_word' id='word_1_216' title='bbox 890 2102 1122 2134; x_wconf 82' lang='lat' dir='ltr'><strong>constanter</strong></span> <span class='ocrx_word' id='word_1_217' title='bbox 1143 2097 1231 2135; x_wconf 88' lang='lat' dir='ltr'><strong>sere</strong></span> <span class='ocrx_word' id='word_1_218' title='bbox 1252 2097 1337 2133; x_wconf 85' lang='lat' dir='ltr'><strong>sine</strong></span> <span class='ocrx_word' id='word_1_219' title='bbox 1361 2104 1513 2147; x_wconf 81' lang='lat' dir='ltr'><strong>puncto</strong></span> 
     </span>
     <span class='ocr_line' id='line_1_30' title="bbox 118 2164 1514 2219; baseline -0.004 -13"><span class='ocrx_word' id='word_1_220' title='bbox 118 2168 290 2219; x_wconf 79' lang='lat' dir='ltr'><strong>legitur,</strong></span> <span class='ocrx_word' id='word_1_221' title='bbox 334 2167 643 2204; x_wconf 78' lang='lat' dir='ltr'><strong>distinctionum</strong></span> <span class='ocrx_word' id='word_1_222' title='bbox 694 2165 809 2215; x_wconf 87' lang='lat' dir='ltr'><strong>signa</strong></span> <span class='ocrx_word' id='word_1_223' title='bbox 845 2170 941 2201; x_wconf 87' lang='lat' dir='ltr'><strong>sunt</strong></span> <span class='ocrx_word' id='word_1_224' title='bbox 974 2164 1158 2214; x_wconf 82' lang='lat' dir='ltr'><strong>vulgaria</strong></span> <span class='ocrx_word' id='word_1_225' title='bbox 1188 2164 1299 2201; x_wconf 81' lang='lat' dir='ltr'><strong>iuius</strong></span> <span class='ocrx_word' id='word_1_226' title='bbox 1339 2165 1449 2201; x_wconf 75' lang='lat' dir='ltr'><strong>aevi!</strong></span> <span class='ocrx_word' id='word_1_227' title='bbox 1472 2179 1514 2212; x_wconf 89' lang='lat'><strong>,;</strong></span> 
     </span>
     <span class='ocr_line' id='line_1_31' title="bbox 120 2231 1515 2287; baseline -0.003 -14"><span class='ocrx_word' id='word_1_228' title='bbox 120 2241 165 2273; x_wconf 84' lang='lat' dir='ltr'><strong>et</strong></span> <span class='ocrx_word' id='word_1_229' title='bbox 198 2241 418 2287; x_wconf 82' lang='lat' dir='ltr'><strong>punctum3</strong></span> <span class='ocrx_word' id='word_1_230' title='bbox 444 2234 576 2271; x_wconf 85' lang='lat' dir='ltr'><strong>lineae</strong></span> <span class='ocrx_word' id='word_1_231' title='bbox 601 2245 729 2284; x_wconf 90' lang='lat' dir='ltr'><strong>usque</strong></span> <span class='ocrx_word' id='word_1_232' title='bbox 768 2244 927 2283; x_wconf 82' lang='lat' dir='ltr'><strong>quaque</strong></span> <span class='ocrx_word' id='word_1_233' title='bbox 964 2231 1070 2282; x_wconf 72' lang='lat' dir='ltr'><strong>stylo</strong></span> <span class='ocrx_word' id='word_1_234' title='bbox 1107 2231 1263 2269; x_wconf 82' lang='lat' dir='ltr'><strong>ductae.</strong></span> <span class='ocrx_word' id='word_1_235' title='bbox 1321 2232 1370 2268; x_wconf 88' lang='lat' dir='ltr'><strong>In</strong></span> <span class='ocrx_word' id='word_1_236' title='bbox 1409 2232 1515 2270; x_wconf 86' lang='lat' dir='ltr'><strong>duo—</strong></span> 
     </span>
     <span class='ocr_line' id='line_1_32' title="bbox 121 2298 1514 2359; baseline -0.004 -18"><span class='ocrx_word' id='word_1_237' title='bbox 121 2303 197 2342; x_wconf 87' lang='lat' dir='ltr'><strong>bus</strong></span> <span class='ocrx_word' id='word_1_238' title='bbox 244 2302 354 2340; x_wconf 84' lang='lat' dir='ltr'><strong>soliis</strong></span> <span class='ocrx_word' id='word_1_239' title='bbox 397 2301 657 2353; x_wconf 74' lang='lat' dir='ltr'><strong>paenulfimis</strong></span> <span class='ocrx_word' id='word_1_240' title='bbox 712 2300 833 2349; x_wconf 84' lang='lat' dir='ltr'><strong>longe</strong></span> <span class='ocrx_word' id='word_1_241' title='bbox 887 2298 963 2336; x_wconf 85' lang='lat' dir='ltr'><strong>alia</strong></span> <span class='ocrx_word' id='word_1_242' title='bbox 1011 2312 1139 2350; x_wconf 86' lang='lat' dir='ltr'><strong>eaque</strong></span> <span class='ocrx_word' id='word_1_243' title='bbox 1183 2298 1328 2349; x_wconf 84' lang='lat' dir='ltr'><strong>purior</strong></span> <span class='ocrx_word' id='word_1_244' title='bbox 1361 2312 1514 2359; x_wconf 60' lang='lat' dir='ltr'><strong>manus,</strong></span> 
     </span>
     <span class='ocr_line' id='line_1_33' title="bbox 123 2365 1513 2422; baseline -0.001 -15"><span class='ocrx_word' id='word_1_245' title='bbox 123 2370 251 2422; x_wconf 86' lang='lat' dir='ltr'><strong>qualis</strong></span> <span class='ocrx_word' id='word_1_246' title='bbox 304 2368 475 2406; x_wconf 85' lang='lat' dir='ltr'><strong>Saeculo</strong></span> <span class='ocrx_word' id='word_1_247' title='bbox 529 2367 594 2405; x_wconf 87' lang='lat' dir='ltr'><strong>XI</strong></span> <span class='ocrx_word' id='word_1_248' title='bbox 633 2366 800 2420; x_wconf 82' lang='lat' dir='ltr'><strong>propria</strong></span> <span class='ocrx_word' id='word_1_249' title='bbox 844 2372 922 2412; x_wconf 80' lang='lat' dir='ltr'><strong>est,</strong></span> <span class='ocrx_word' id='word_1_250' title='bbox 984 2365 1330 2417; x_wconf 79' lang='lat' dir='ltr'><strong>deprehenditur5</strong></span> <span class='ocrx_word' id='word_1_251' title='bbox 1392 2380 1513 2418; x_wconf 85' lang='lat' dir='ltr'><strong>quam</strong></span> 
     </span>
     <span class='ocr_line' id='line_1_34' title="bbox 121 2432 1511 2487; baseline -0.004 -12"><span class='ocrx_word' id='word_1_252' title='bbox 121 2444 260 2475; x_wconf 86' lang='lat' dir='ltr'><strong>tamen</strong></span> <span class='ocrx_word' id='word_1_253' title='bbox 289 2436 547 2487; x_wconf 83' lang='lat' dir='ltr'><strong>conspicuam</strong></span> <span class='ocrx_word' id='word_1_254' title='bbox 581 2435 737 2473; x_wconf 75' lang='lat' dir='ltr'><strong>faciunt</strong></span> <span class='ocrx_word' id='word_1_255' title='bbox 763 2435 935 2471; x_wconf 83' lang='lat' dir='ltr'><strong>maiores</strong></span> <span class='ocrx_word' id='word_1_256' title='bbox 978 2432 1240 2480; x_wconf 78' lang='lat' dir='ltr'><strong>inflexiones,</strong></span> <span class='ocrx_word' id='word_1_257' title='bbox 1278 2433 1422 2471; x_wconf 80' lang='lat' dir='ltr'><strong>crebra</strong></span> <span class='ocrx_word' id='word_1_258' title='bbox 1462 2436 1511 2479; x_wconf 74' lang='grc' dir='ltr'><strong>ι’ἐ,</strong></span> 
     </span>
     <span class='ocr_line' id='line_1_35' title="bbox 121 2500 1509 2556; baseline -0.003 -14"><span class='ocrx_word' id='word_1_259' title='bbox 121 2504 253 2555; x_wconf 87' lang='lat' dir='ltr'><strong>simpl.</strong></span> <span class='ocrx_word' id='word_1_260' title='bbox 283 2518 302 2541; x_wconf 87' lang='lat' dir='ltr'><strong>e</strong></span> <span class='ocrx_word' id='word_1_261' title='bbox 346 2517 423 2554; x_wconf 87' lang='lat' dir='ltr'><strong>pro</strong></span> <span class='ocrx_word' id='word_1_262' title='bbox 456 2518 529 2548; x_wconf 85' lang='lat' dir='ltr'><strong>ae,</strong></span> <span class='ocrx_word' id='word_1_263' title='bbox 573 2502 682 2556; x_wconf 88' lang='lat' dir='ltr'><strong>quod</strong></span> <span class='ocrx_word' id='word_1_264' title='bbox 725 2501 934 2540; x_wconf 82' lang='lat' dir='ltr'><strong>interdum</strong></span> <span class='ocrx_word' id='word_1_265' title='bbox 978 2500 1181 2547; x_wconf 87' lang='lat' dir='ltr'><strong>occurrit,</strong></span> <span class='ocrx_word' id='word_1_266' title='bbox 1221 2500 1401 2538; x_wconf 86' lang='lat' dir='ltr'><strong>unciales</strong></span> <span class='ocrx_word' id='word_1_267' title='bbox 1435 2507 1509 2539; x_wconf 81' lang='lat' dir='ltr'><strong>cet·</strong></span> 
     </span>
     <span class='ocr_line' id='line_1_36' title="bbox 120 2566 1511 2622; baseline -0.004 -12"><span class='ocrx_word' id='word_1_268' title='bbox 120 2572 173 2610; x_wconf 88' lang='lat' dir='ltr'><strong>In</strong></span> <span class='ocrx_word' id='word_1_269' title='bbox 194 2570 338 2608; x_wconf 86' lang='lat' dir='ltr'><strong>ultimo</strong></span> <span class='ocrx_word' id='word_1_270' title='bbox 360 2570 506 2608; x_wconf 79' lang='lat' dir='ltr'><strong>deinde</strong></span> <span class='ocrx_word' id='word_1_271' title='bbox 528 2570 631 2609; x_wconf 83' lang='lat' dir='ltr'><strong>solio</strong></span> <span class='ocrx_word' id='word_1_272' title='bbox 663 2570 780 2622; x_wconf 83' lang='lat' dir='ltr'><strong>prior</strong></span> <span class='ocrx_word' id='word_1_273' title='bbox 807 2569 918 2607; x_wconf 85' lang='lat' dir='ltr'><strong>redit</strong></span> <span class='ocrx_word' id='word_1_274' title='bbox 944 2581 1106 2606; x_wconf 87' lang='lat' dir='ltr'><strong>manus:</strong></span> <span class='ocrx_word' id='word_1_275' title='bbox 1141 2566 1250 2619; x_wconf 85' lang='lat' dir='ltr'><strong>quod</strong></span> <span class='ocrx_word' id='word_1_276' title='bbox 1282 2568 1511 2605; x_wconf 84' lang='lat' dir='ltr'><strong>certissimo</strong></span> 
     </span>
     <span class='ocr_line' id='line_1_37' title="bbox 122 2634 1510 2688; baseline -0.004 -12"><span class='ocrx_word' id='word_1_277' title='bbox 122 2645 186 2676; x_wconf 85' lang='lat' dir='ltr'><strong>est</strong></span> <span class='ocrx_word' id='word_1_278' title='bbox 222 2643 484 2688; x_wconf 84' lang='lat' dir='ltr'><strong>argumento,</strong></span> <span class='ocrx_word' id='word_1_279' title='bbox 533 2651 615 2676; x_wconf 84' lang='lat' dir='ltr'><strong>una</strong></span> <span class='ocrx_word' id='word_1_280' title='bbox 659 2652 752 2675; x_wconf 90' lang='lat' dir='ltr'><strong>cum</strong></span> <span class='ocrx_word' id='word_1_281' title='bbox 797 2637 951 2674; x_wconf 86' lang='lat' dir='ltr'><strong>maiore</strong></span> <span class='ocrx_word' id='word_1_282' title='bbox 991 2636 1212 2686; x_wconf 86' lang='lat' dir='ltr'><strong>scriptura,</strong></span> <span class='ocrx_word' id='word_1_283' title='bbox 1257 2647 1359 2686; x_wconf 85' lang='lat' dir='ltr'><strong>quae</strong></span> <span class='ocrx_word' id='word_1_284' title='bbox 1398 2634 1510 2672; x_wconf 87' lang='lat' dir='ltr'><strong>Saec.</strong></span> 
     </span>
     <span class='ocr_line' id='line_1_38' title="bbox 123 2701 1511 2756; baseline -0.001 -13"><span class='ocrx_word' id='word_1_285' title='bbox 123 2704 211 2743; x_wconf 79' lang='lat' dir='ltr'>XII</span> <span class='ocrx_word' id='word_1_286' title='bbox 232 2704 490 2747; x_wconf 80' lang='lat' dir='ltr'><strong>usitatissima</strong></span> <span class='ocrx_word' id='word_1_287' title='bbox 508 2711 617 2753; x_wconf 82' lang='lat' dir='ltr'><strong>erat,</strong></span> <span class='ocrx_word' id='word_1_288' title='bbox 647 2706 847 2747; x_wconf 73' lang='lat' dir='ltr'><strong>minorem</strong></span> <span class='ocrx_word' id='word_1_289' title='bbox 871 2717 1030 2756; x_wconf 84' lang='lat' dir='ltr'><strong>quoque</strong></span> <span class='ocrx_word' id='word_1_290' title='bbox 1043 2715 1210 2755; x_wconf 83' lang='lat' dir='ltr'><strong>eamque</strong></span> <span class='ocrx_word' id='word_1_291' title='bbox 1226 2701 1511 2741; x_wconf 79' lang='lat' dir='ltr'><strong>rotundiorem</strong></span> 
     </span>
    </p>
   </div>
  </div>
 </body>
</html>
