1759 3029
592 186 935 228 SATIRA
1001 186 1086 227 VI.

1452 186 1531 233 225

151 306 247 348 Tot
276 306 446 363 pariter
483 303 663 365 pelves,
694 312 765 346 tot
799 302 1106 345 tintinnabula
1138 303 1256 346 dicas

151 374 340 415 Pulsari.

406 371 502 414 Iam
533 388 666 414 nemo
695 372 848 424 tubas,
898 387 1032 413 nemo
1066 385 1168 412 aera
1197 371 1377 427 fatiget:

153 439 258 484 Una
289 441 515 484 laboranti
549 444 721 498 poterit
755 456 1020 483 succurrere
1056 439 1205 481 lunae.

249 507 452 567 Imponit
477 508 615 551 finem
646 512 822 566 sapiens
856 517 901 550 et
932 508 1065 550 rebus
1096 506 1313 549 honestis.

148 576 271 618 Nam
301 593 413 633 quae
446 578 577 619 docta
610 581 745 619 nimis
779 580 908 635 cupit
927 585 972 619 et
1007 576 1201 618 facunda
1236 576 1395 628 videri,
1434 574 1532 620 445

150 644 295 687 Crure
326 654 458 688 tenus
493 647 641 689 medio
676 649 853 688 tunicas
891 648 1151 701 succingere
1171 643 1318 697 debet,

150 712 345 756 Caedere
370 714 555 756 Silvano
591 730 808 772 porcum,
843 715 1092 770 quadrante
1108 714 1265 756 lavari.

150 781 259 824 Non
292 781 455 824 habeat
489 790 723 835 matrona,
764 783 845 824 tibi
875 798 988 839 quae
1017 785 1173 823 iuncta
1205 781 1444 834 recumbit,

150 849 345 892 Dicendi
380 866 543 906 ge1mS‚
577 859 656 893 aut
687 860 872 893 curtum
902 864 1114 893 sermone
1148 857 1300 892 rotato

152 917 387 974 Torqueat
401 918 717 975 enthymema,
751 935 834 961 nec
858 919 1072 960 historias
1097 921 1402 960 sciatomnes:
1437 916 1538 963 450
1574 959 1582 964 ,,

148 984 236 1028 Sed
271 987 491 1042 quaedam
524 1003 582 1029 ex
618 987 744 1030 libris
775 996 820 1029 et
852 1002 948 1029 non
983 987 1222 1043 intelligat.

1293 985 1384 1028 Odi

150 1053 283 1096 Hanc
316 1070 425 1111 ego,
454 1069 567 1111 quae
600 1059 767 1113 repetit
789 1057 1023 1111 volvitque
1059 1054 1342 1097 Palaemonis
1377 1063 1541 1109 artem,

150 1121 336 1165 Servata
370 1129 552 1181 semper
586 1123 684 1180 lege
719 1131 764 1165 et
799 1128 976 1166 ratione
1012 1124 1244 1178 loquendi,

151 1190 428 1248 Ignotosque
463 1191 577 1233 mihi
610 1200 736 1233 tenet
772 1195 1028 1247 antiquaria
1061 1206 1234 1243 versus,

152 1259 249 1302 Nec
279 1262 480 1303 curanda
510 1263 617 1302 viris
656 1263 809 1317 opicae
847 1263 1032 1314 castigat
1064 1262 1229 1300 amicae

388 1328 717 1371 Soloecismum
750 1329 884 1370 liccat
921 1326 1076 1369 fecisse
1107 1329 1287 1369 marito.

152 1325 323 1371 Verba.

1444 1258 1543 1302 455

252 1395 336 1439 Nil
368 1413 464 1439 non
498 1400 728 1455 permittit
763 1397 932 1438 mulier
962 1395 1067 1448 sibi,
1114 1403 1252 1452 turpe
1292 1401 1428 1451 putat
1460 1393 1544 1448 nil,

153 1463 309 1516 Quum
342 1467 506 1509 virides
541 1480 738 1522 gemmas
777 1465 898 1507 collo
934 1464 1231 1506 circumdedit
1269 1469 1315 1504 et
1351 1476 1494 1518 quum

157 1530 362 1576 Auribus
402 1536 600 1576 extentis
631 1549 818 1590 magnos
855 1536 1082 1575 commisit
1115 1531 1342 1573 elenchos.

149 1600 493 1643 intolerabilius
523 1600 641 1642 nihil
672 1609 763 1655 est,
802 1617 939 1658 quam
974 1600 1146 1642 femina
1179 1601 1316 1642 dives.

206 1719 286 1753 441.
312 1720 379 1752 Pro
396 1721 507 1752 altero
531 1726 591 1752 tot
606 1722 738 1762 legitur
757 1726 824 1752 aut

158 1779 195 1809 in
229 1778 282 1810 16.
316 1788 361 1809 ac
388 1779 424 1810 iu
447 1777 573 1809 10.14.
610 1776 660 1809 15.
685 1788 735 1821 17.
758 1789 824 1809 21-

159 1834 213 1867 24.
244 1833 300 1866 45.
327 1835 416 1865 etin
448 1834 502 1866 25.
521 1844 574 1876 27.
595 1831 739 1866 46-50.
760 1833 825 1867 54-

159 1889 215 1923 65.
234 1889 379 1935 65-69.
400 1901 453 1934 71.
478 1902 531 1934 72.
557 1890 609 1934 75.
632 1902 684 1934 77.

206 1946 285 1980 442.
319 1947 386 1979 Hic
409 1959 527 1979 versus
556 1946 652 1978 abest
679 1960 697 1978 a
714 1946 771 1991 57.
793 1955 826 1980 et

160 2012 241 2050 post
258 2016 290 2036 v.
311 2003 391 2037 445.
414 2005 546 2046 legitur
570 2005 605 2035 in
633 2005 690 2048 47.
711 2013 744 2036 et
767 2004 822 2036 85.

160 2067 271 2107 atque
293 2071 382 2093 aera
403 2072 468 2104 pro
481 2072 582 2092 nemo
602 2070 692 2093 aera
706 2073 717 2093 1
729 2073 756 2094 1.
772 2074 823 2095 12.

163 2119 299 2162 14—27.
323 2116 366 2150 45
381 2119 468 2150 -50,
489 2117 629 2162 58-69.'
641 2130 694 2162 71.
706 2130 759 2163 72.
771 2119 824 2164 75.

165 2186 219 2220 77.
238 2174 294 2208 85.
313 2183 347 2207 et
370 2175 518 2218 plurimi
536 2174 641 2207 codd.
665 2175 827 2210 Paris„-

154 2231 313 2277 fatigat
332 2241 383 2265 1²1.
423 2230 462 2262 18
479 2243 497 2262 a
516 2243 565 2263 m.
584 2243 637 2274 pr.

212 2288 292 2320 445.
316 2289 426 2320 Luna
456 2287 530 2331 l.p.
560 2300 588 2320 s-
607 2300 750 2322 tannae
771 2288 827 2333 47.

169 2344 310 2384 (ramae
329 2347 365 2377 in
384 2344 473 2378 Ven.
497 2345 606 2390 1487.)
635 2364 680 2372 -
702 2347 832 2390 potuit

170 2400 228 2436 85.
698 2416 700 2418 ·
807 2406 810 2409 “

216 2454 295 2488 445.
329 2456 425 2488 Nam
449 2458 538 2503 quia
566 2469 618 2501 17.
675 2458 773 2490 Nam
799 2458 835 2490 si

170 2512 285 2545 docta
306 2512 361 2544 25.
381 2524 434 2557 27.
457 2513 597 2559 46-49.
618 2514 693 2547 54-
706 2514 761 2548 60.
776 2514 833 2548 64.

173 2568 228 2603 65.
250 2581 303 2614 77.

220 2625 300 2659 446.
324 2624 573 2672 substringere
581 2628 737 2661 malebat
747 2628 833 2660 Sca-

174 2682 276 2724 liger.
313 2682 386 2715 Sed
407 2684 546 2727 vulgata
563 2685 668 2718 lectio
685 2686 777 2719 bene
797 2698 834 2719 se

174 2738 292 2774 hahet.
749 2741 761 2743 ³

1449 1599 1546 1644 460

925 1720 1004 1764 449.
1031 1719 1132 1751 haud
1151 1731 1214 1762 pro
1236 1725 1304 1751 aut
1325 1718 1376 1751 15.
1393 1736 1439 1743 —-
1460 1731 1546 1753 cur-

881 1789 961 1810 vum
983 1788 1014 1808 2.
1035 1776 1068 1808 5.
1093 1787 1147 1811 1ο.
1172 1787 1223 1808 11.
1247 1787 1299 1808 12.
1330 1776 1464 1809 14-22.
1488 1778 1546 1811 24.

883 1833 937 1866 26.
959 1834 1012 1866 28.
1032 1833 1088 1866 45.
1104 1834 1159 1876 49.
1171 1833 1224 1876 75.
1236 1834 1290 1876 76.
1302 1832 1424 1866 81.82.
1474 1834 1548 1866 Sed

883 1896 1023 1922 curtum
1039 1889 1093 1922 25.
1115 1890 1170 1922 25.
1192 1901 1245 1933 27.
1265 1891 1321 1922 46.
1342 1891 1398 1934 47.
1417 1891 1473 1924 48.
1493 1893 1549 1925 5ο.

883 1946 1022 1990 5'1-74.
1042 1958 1096 1990 77.
1122 1954 1156 1977 et
1176 1946 1324 1979 dimidia
1344 1959 1422 1990 pars
1441 1949 1547 1985 codd.

881 2002 988 2034 Paris.
1008 2002 1109 2044 prob.
1129 2001 1278 2036 Graevio
1308 2012 1342 2036 et
1359 2004 1479 2041 Heius.
1503 2007 1547 2040 ad

882 2058 987 2092 ovid.
1005 2059 1095 2091 Fast.
1115 2059 1162 2100 II,
1180 2059 1258 2093 408.
1280 2062 1341 2094 ubi
1371 2061 1461 2096 hanc
1483 2077 1549 2097 vo-

884 2128 961 2148 cem
986 2118 1023 2149 in
1051 2116 1175 2148 multis
1200 2126 1358 2151 veterum
1395 2123 1549 2164 scripto-

883 2185 964 2206 rum
989 2174 1075 2205 locis
1092 2175 1253 2208 restituit.
1279 2175 1348 2208 vid.
1366 2175 1510 2211 comm.

929 2230 1008 2262 451.
1041 2229 1221 2275 intelligit
1248 2233 1302 2265 25.
1330 2226 1386 2278 ’27.
1407 2234 1549 2273 46-50.

889 2285 943 2319 58.
963 2285 1017 2318 61.
1040 2286 1095 2319 66.

935 2342 1015 2376 455.
1041 2354 1086 2375 ac
1107 2355 1170 2386 pro
1189 2349 1226 2375 et
1255 2343 1306 2377 15.
1327 2351 1371 2378 at
1392 2345 1450 2381 85.

933 2399 1012 2444 459.
1037 2400 1200 2432 extensis
1219 2412 1253 2444 7.
1280 2413 1332 2434 10.
1356 2414 1408 2435 11.
1432 2403 1557 2441 14-242

890 2469 944 2501 27.
967 2469 1021 2501 29.
1044 2458 1118 2489 45-
1131 2456 1187 2489 50.
1207 2458 1260 2490 54.
1279 2460 1333 2493 55.
1357 2461 1410 2494 56.
1427 2462 1555 2506 59-65.

889 2514 943 2547 68.
965 2514 1019 2559 69.
1035 2514 1157 2559 71-74.
1178 2514 1233 2548 85.
1254 2523 1287 2548 et
1310 2528 1432 2550 omnes
1449 2519 1553 2554 codd.

889 2570 998 2604 Paris.
1028 2579 1068 2603 ut
1101 2571 1164 2603 inf.
1198 2572 1276 2615 XII,
1294 2575 1386 2613 5‚—
1413 2587 1552 2621 magno
1611 2597 1614 2599 >

892 2641 924 2673 7.
947 2640 1002 2673 29.
1023 2645 1070 2654 --
1089 2630 1287 2664 committit
1305 2644 1338 2678 7.
1363 2633 1416 2666 14.
1433 2643 1553 2677 ¹7·,2¹·

891 2697 947 2719 22.
968 2697 1023 2729 29.

939 2740 1019 2776 460.
1045 2741 1101 2776 nil
1115 2740 1170 2777 68.
