1759 3029
467 138 708 184 PERSII
747 139 832 177 ET
877 136 1259 177 IVVENALIS
1456 147 1539 175 cm

146 259 323 300 Omnino
353 262 489 295 autem
520 257 630 293 inter
656 254 845 293 liberales
873 253 984 292 iocos
1024 253 1175 290 lasciva
1211 264 1372 305 quoque
1413 256 1453 289 et
1489 264 1536 293 ea

142 327 413 372 habebantur,
442 336 618 375 quorum
643 322 796 360 mentio
824 321 1000 371 ingenue
1036 320 1222 357 instituto
1259 333 1368 356 nunc
1406 318 1535 357 rubo-

140 408 227 433 rem
252 391 505 438 offunderet,
537 402 776 441 quamquam
815 402 837 425 a
864 386 1207 440 philosophorum
1246 386 1534 437 disputationi-

142 461 239 508 bus,
268 459 560 497 historicorum
600 458 794 508 gravitate
835 462 874 494 et
912 468 988 492 usu
1025 454 1181 493 sorensi
1218 454 1366 501 aliena,
1398 454 1532 506 poetis

139 535 272 566 tamen
309 528 352 564 in
390 525 535 577 primis
573 538 783 572 eoncessa;
831 536 956 574 eaque
1007 536 1060 559 ex
1099 522 1179 559 illis
1218 521 1373 558 sublata
1410 521 1530 569 velle,

137 602 207 634 aut
233 596 336 632 vitio
366 585 447 631 illis
491 593 607 639 dare,
646 591 926 630 absurdissimi
964 589 1119 628 fastidii
1158 589 1345 626 arbitror.
1406 586 1528 636 Quod

136 663 322 714 eiigitur
360 661 537 709 Ovidio,
577 659 762 706 Catullo,
806 658 986 697 Martiali
1025 657 1275 708 reliquisque
1312 655 1444 706 poetis
1482 666 1530 693 ea

135 731 256 773 venia
293 728 424 767 danda
455 734 517 765 est
555 729 604 766 ab
646 728 857 774 omuibus,
895 726 964 778 qui
1005 725 1048 762 in
1089 722 1269 774 legendis
1298 721 1528 773 priscorum

135 797 395 837 monimentis
420 802 556 833 mente
584 802 625 833 et
648 795 895 845 cogitatione
924 806 1067 830 eorum
1094 798 1347 841 temporum,
1377 789 1526 841 quibus

134 866 303 918 quisque
329 863 550 914 scripserit,
578 868 780 900 rationem
809 866 1065 912 praesentem
1089 858 1168 896 sibi
1195 856 1350 908 fingere
1382 857 1525 905 sciant,

133 939 180 970 ut.
211 931 357 970 lascive
397 929 604 973 interdum
644 929 790 967 ludant
827 940 1050 980 parumque
1093 925 1242 978 pudice
1280 925 1526 977 loquantur;

133 1004 284 1052 quanto
311 998 508 1036 maiorem
541 998 847 1036 excusationem
876 995 1028 1033 satirici
1063 993 1236 1041 habent,
1267 993 1337 1044 qui
1373 993 1416 1030 in
1453 1005 1524 1030 re-

128 1081 225 1107 rum
254 1065 514 1117 turpitudine
544 1063 785 1116 exagitanda
822 1063 889 1111 id,
944 1062 1054 1114 quod
1092 1062 1171 1098 sibi
1207 1063 1529 1112 ·propOS11erunt‚'

130 1136 218 1174 risu
241 1133 365 1184 magis
395 1140 436 1171 et
461 1134 577 1180 ioco,
608 1146 729 1185 quam
758 1132 994 1169 austeritate
1017 1136 1057 1167 et
1083 1128 1300 1166 severitate
1329 1129 1525 1181 consequi

133 1207 294 1255 queant.
353 1200 523 1248 Omnia,
550 1212 652 1253 quae
681 1200 722 1237 in
751 1200 924 1237 Horatio
954 1198 1074 1237 obvia
1101 1202 1196 1234 sunt
1235 1205 1417 1248 quaeque
1447 1196 1523 1234 ob-

132 1283 278 1308 scoena
307 1275 348 1306 et
375 1268 514 1319 turpia
537 1281 645 1306 nunc
675 1281 891 1314 vocnmUS,
922 1280 968 1304 ea
997 1267 1217 1316 cogitemus
1247 1279 1269 1302 a
1297 1265 1408 1302 vitae
1436 1263 1522 1301 ele-v

133 1337 266 1388 gantia
293 1337 516 1374 lautiorum
548 1335 828 1373 Romanorum
850 1346 1101 1386 nequaquam
1128 1340 1225 1370 tunc
1251 1330 1524 1379 abhorruisse,

130 1418 263 1456 neque
288 1404 473 1454 ingenuis
514 1408 556 1440 et
590 1403 829 1440 liberalibus
863 1402 964 1440 viris
1002 1400 1168 1451 indigna
1203 1399 1329 1437 fuisse
1373 1398 1522 1437 existi-

133 1477 260 1519 niata3
310 1485 385 1508 nec
426 1470 476 1507 ad
515 1471 726 1507 sanctioris
766 1469 1006 1520 disciplinae
1041 1474 1279 1519 praecepta,
1329 1481 1431 1520 quae
1478 1472 1519 1504 et

132 1539 276 1577 literae
305 1551 441 1576 sacrae
490 1543 531 1574 et
571 1537 824 1575 emendatior
860 1535 1120 1588 philosophia
1155 1536 1273 1573 nobis
1302 1534 1521 1582 inculcant,

132 1620 180 1644 ea
213 1619 475 1651 revocemUS,
528 1618 629 1655 quae
666 1605 838 1642 liberior
875 1604 1040 1641 vivendi
1081 1604 1186 1640 ratio
1226 1603 1523 1650 Romanorum,

133 1671 299 1724 pudoris
326 1671 484 1721 legibus
524 1684 608 1708 non
644 1677 726 1708 tani
761 1670 976 1718 adstricta,
1016 1670 1180 1707 tulerat.
1240 1666 1522 1722 (Quapropter

136 1744 179 1777 et
205 1738 246 1785 ii,
274 1737 343 1789 qui
370 1737 540 1775 liberius
580 1729 750 1775 rivendi
792 1750 915 1787 genus
955 1737 1086 1788 poetis
1126 1737 1404 1774 Romanorum
1443 1749 1522 1773 ex·-

133 1806 453 1858 probraverunt,
486 1805 626 1856 inique
665 1805 790 1854 egisse
830 1803 1050 1847 videntur,
1102 1814 1179 1841 nec
1216 1803 1436 1854 sapientius
1478 1803 1522 1851 ii,

133 1873 228 1924 qui,
253 1884 370 1909 eausa
397 1884 539 1909 eorum
566 1878 773 1922 suscepta,
802 1885 856 1908 ex
882 1870 1043 1921 scriptis
1073 1870 1272 1908 iudicium
1303 1870 1354 1908 de
1390 1871 1521 1908 mori-

133 1940 209 1978 bus
253 1938 422 1976 alicuius
471 1938 704 1976 faciendum
749 1952 832 1975 non
878 1951 989 1986 esse,
1032 1937 1345 1988 perhibuerunt.
1404 1937 1524 1987 Quae

135 2009 243 2046 enim
271 2007 321 2045 ad
348 2006 570 2044 honestatis
599 2006 821 2054 rationem,
848 2011 946 2042 tunc
975 2019 1054 2043 usu
1091 2011 1299 2057 receptam
1340 2013 1381 2044 et
1419 2019 1521 2043 con-

133 2074 374 2122 suetudine,
402 2074 529 2115 relata
557 2074 666 2111 bono
694 2073 786 2110 viro
816 2080 856 2110 et
884 2073 1044 2110 liberali
1071 2073 1237 2123 indigua
1270 2086 1354 2111 11011
1393 2077 1524 2119 erant,

134 2157 276 2181 eorum
300 2141 560 2193 exprobratio
590 2140 740 2178 iniusta
765 2147 824 2177 est
848 2147 888 2178 et
908 2141 1046 2191 inepta
1068 2139 1289 2191 desensiO.)
1345 2139 1523 2178 Iuvena—

133 2211 184 2249 lis
208 2223 348 2248 reruni
377 2206 676 2258 turpitudinem
703 2209 925 2245 verborum
951 2207 1231 2245 obscoenitate
1251 2206 1350 2244 adeo
1379 2205 1430 2242 de
1456 2206 1526 2243 in-

138 2277 290 2315 dustria
339 2275 528 2327 persequi
569 2275 756 2322 videtur,
806 2281 852 2312 ut
893 2274 1014 2312 facile
1069 2280 1278 2326 appareat,
1312 2273 1355 2310 id
1395 2273 1525 2325 egisse

137 2351 317 2397 poetam,
347 2349 394 2380 ut
424 2343 472 2379 ab
499 2342 580 2379 11113
618 2341 847 2379 deterrimis
882 2341 1101 2380 libidinum
1140 2341 1354 2392 generibus
1391 2341 1525 2378 lecto-

137 2426 204 2450 res
234 2411 501 2456 absterreret,
531 2409 751 2446 sceleratos
782 2416 823 2447 et
848 2407 1134 2448 abominandos
1163 2407 1347 2446 homines
1387 2407 1431 2444 in
1458 2408 1526 2445 in·-

137 2479 291 2518 vidiam
319 2476 540 2514 adduceret
577 2477 930 2528 gravissimamque
967 2476 1157 2512 infamiae
1196 2481 1335 2513 notam
1371 2475 1422 2512 iis
1459 2475 1527 2512 in-

138 2550 290 2585 ureret.
349 2543 458 2581 Huic
498 2544 669 2581 consilio
709 2557 869 2595 quoque
909 2542 1161 2593 aptissimum
1202 2541 1305 2589 suit,
1354 2542 1389 2579 si
1428 2540 1527 2593 quid

140 2613 290 2659 iudico,
317 2610 421 2647 illud
441 2624 610 2648 nauseae
639 2610 862 2648 movendae
887 2609 1086 2656 studium,
1117 2608 1226 2660 quod
1253 2610 1298 2646 in
1323 2607 1529 2646 nonnullis

139 2679 243 2717 locis
274 2678 436 2716 elucere
463 2677 651 2726 videtur,
682 2691 923 2730 quamquam
952 2678 996 2714 in
1022 2675 1154 2714 literis
1183 2682 1224 2714 et
1249 2677 1405 2716 artibus
1441 2675 1530 2715 ele-
