1759 3029
417 106 504 146 AD
545 103 684 142 SAT.
722 101 798 150 XI,
833 103 922 157 193.
953 102 1048 149 XV,
1083 116 1118 155 7.
1382 96 1465 160 542

84 221 219 260 Gloss.
250 242 301 251 -—
354 218 615 258 Praestiterit
649 219 832 262 Praeeo,
871 215 1142 267 praedicator,
1170 215 1369 264 laudator,
1391 229 1466 253 ea-

84 290 301 334 hallorum,
329 301 525 340 equorum
539 287 606 324 v'el
631 285 863 335 aurigarum
892 284 1109 331 victorum,
1138 291 1184 322 ut
1208 297 1362 336 praeco
1375 285 1467 322 vir-

82 359 183 394 tutis
209 370 269 408 ap.
302 356 384 393 Cic.
413 369 489 407 pro
519 353 642 392 Arch.
673 367 705 390 0.
737 365 798 391 1ο.

495 473 1045 515 EXCVRSVS

591 543 954 591 adSat.XV,7.

193 621 289 658 Illic
311 622 530 665 caeruleos,
556 635 631 658 nec
655 621 809 672 piscem
823 620 1024 669 fluminis
1049 620 1115 657 23.
1153 620 1225 657 Illi
1248 623 1465 670 caeruleos,

81 687 132 725 hi
159 691 322 739 piscem
346 690 559 738 fluminis,
589 690 655 725 illi
687 690 723 726 4.
752 694 794 725 et
824 702 861 739 9.
921 689 1152 725 caeruleum
1188 689 1343 728 emend.
1376 691 1468 728 Nic.

82 755 223 795 Heius.
255 756 305 794 ad
333 757 447 806 Virg.
478 756 580 794 Aen.
612 756 687 804 ΙΙΙ,
716 757 808 807 329.
851 755 902 792 ad
927 756 1048 806 Prop.
1083 755 1137 803 ΙΙ,
1170 768 1229 803 12,
1267 770 1297 794 1.
1333 764 1373 794 et
1399 759 1468 802 23,

89 836 178 862 101.
206 819 273 876 (al,
305 825 371 870 32,
401 823 488 870 45.)
529 830 569 860 et
599 823 649 860 ad
684 823 826 862 Claud.
861 822 968 860 laud.
1001 823 1129 860 Stilic.
1160 824 1213 871 H,
1248 825 1335 874 167.
1376 827 1472 877 qui-

18 922 23 926 .
83 891 158 929 bns
185 891 287 928 locis
317 890 448 938 docet,
477 891 638 928 literam
665 891 893 942 mproduci
922 896 1092 941 propter
1121 890 1278 930 hiatum
1306 899 1349 930 et
1376 907 1471 931 cae-

60 971 230 1010 suram,
261 959 448 1008 neglecta
480 958 681 1010 ecthlipsi.
714 958 778 996 Cf.
810 973 897 1009 sup.
929 959 977 995 ad
1021 957 1049 1006 Ι,
1086 961 1175 1000 151.
1214 961 1267 1007 ΙΙ,
1298 961 1363 999 26.
1392 961 1472 1010 IX,

86 1027 176 1063 118.
218 1031 260 1063 et
302 1025 401 1071 XII,
426 1026 491 1064 36.
549 1026 797 1077 Refragatur
834 1025 898 1063 his
936 1025 1139 1064 Schrader
1166 1027 1400 1066 Emendatt.
1430 1043 1471 1081 p.

87 1094 163 1131 136
188 1107 269 1145 seq.
298 1093 368 1130 ubi
397 1099 547 1140 monet,
577 1094 898 1141 Grammaticos,
936 1096 1253 1145 praestantiores
1293 1096 1471 1147 quidem,

82 1160 187 1199 nihil
217 1161 415 1198 eiusmodi
445 1160 620 1209 tradere,
649 1161 831 1212 adeoque
860 1162 960 1209 loca,
993 1163 1139 1213 quibus
1180 1163 1262 1200 viri
1290 1164 1403 1201 docti
1429 1178 1473 1202 se

83 1234 290 1272 tueantur,
322 1234 391 1265 aut
415 1234 600 1279 suspecta
627 1242 730 1276 esse,
768 1235 838 1282 aut
867 1230 1082 1280 perspicue
1112 1230 1315 1268 mendosa.
1372 1231 1473 1270 Meo

85 1297 370 1347 qualicumque
401 1295 553 1333 iudicio
585 1296 684 1334 talia
711 1296 745 1333 si
776 1302 817 1333 et
848 1296 1089 1345 excusanda,
1136 1303 1271 1335 tamen
1302 1312 1385 1336 non
1413 1300 1474 1336 si-

82 1377 135 1402 ne
164 1365 404 1401 necessitate
435 1362 694 1402 obtrudenda
722 1369 817 1401 sunt
846 1370 1016 1415 poetae,
1064 1371 1128 1412 et,
1181 1367 1365 1416 quamvis
1403 1366 1475 1404 illa

84 1432 313 1470 emendatio
339 1431 502 1468 Heinsii
544 1431 725 1469 arridere
767 1431 916 1482 possit,
958 1438 1006 1468 ut
1047 1432 1251 1469 Iuvenajis
1287 1434 1476 1471 iunxerit

85 1498 165 1536 duo
195 1499 321 1536 verba
349 1499 447 1548 sing.
479 1512 606 1541 num„
638 1499 869 1535 caeruleum
890 1512 943 1535 sc.
965 1499 1118 1549 piscem
1143 1504 1185 1536 et
1204 1503 1366 1549 piscem
1375 1502 1473 1551 stu-

84 1569 224 1610 minis,
250 1566 399 1603 leviori
427 1565 655 1603 mutatione
680 1566 808 1602 nitori
839 1567 1029 1603 carminis
1069 1563 1120 1620 (si
1149 1567 1261 1603 nitor
1291 1573 1364 1615 est,
1396 1582 1473 1605 nec

83 1634 223 1686 potius
251 1639 392 1670 nostra
428 1632 565 1679 lectio,
598 1646 699 1682 quae
729 1632 889 1670 doctior
919 1639 1002 1680 est,
1047 1634 1173 1683 magis
1202 1634 1336 1684 placet
1365 1635 1477 1672 mul—

85 1698 156 1752 tis)
176 1700 333 1738 consuli
358 1699 524 1750 poterit,
541 1699 574 1736 si
600 1700 852 1750 reposueris:
886 1700 982 1738 Illic
1006 1702 1223 1748 caeruleos,
1249 1701 1319 1738 hic
1334 1704 1476 1753 pisces

75 1769 288 1819 flaminis.
345 1765 407 1803 Ita
435 1767 513 1804 sibi
542 1766 793 1817 respondent
814 1770 954 1818 pisces
980 1768 1176 1812 caerulei,
1206 1767 1246 1804 11.
1279 1783 1312 1809 e.
1353 1770 1476 1807 maris

87 1834 266 1872 caerulei
292 1849 321 1872 s.
349 1833 509 1881 marini,
539 1847 582 1871 ac
607 1836 747 1884 pisces
767 1835 991 1884 fluminis:
1034 1840 1076 1872 et
1104 1848 1215 1872 nunc
1244 1835 1378 1884 video,
1414 1838 1475 1875 ita

83 1903 165 1953 legi
192 1902 234 1940 in
265 1901 354 1939 cod.
387 1903 447 1939 15.
486 1923 544 1932 ε-
590 1902 686 1939 Illic
712 1902 877 1939 aeluros
920 1916 1003 1940 non
1041 1902 1145 1939 male
1183 1904 1328 1952 corrig.
1369 1905 1478 1943 Bro-

87 1970 211 2007 daeus
238 1971 413 2008 Miscell.
443 1968 539 2016 VII,
570 1981 606 2007 2.
629 1969 777 2020 probb.
815 1969 1055 2016 Lindenbn,
1096 1969 1256 2018 Nonio,
1298 1967 1367 2024 (de
1404 1986 1478 2010 esu

84 2038 263 2090 piscium
293 2052 325 2075 c.
351 2041 431 2087 2.)
470 2037 666 2075 Schurzfl.
706 2043 747 2074 et
773 2036 1008 2085 Plathnero,
1048 2038 1239 2089 quoniam
1269 2052 1353 2076 non
1382 2040 1478 2077 satis

87 2110 260 2152 constet,
289 2106 466 2143 marinos
491 2106 625 2156 pisces
667 2105 714 2142 ab
756 2106 970 2156 Aegyptiis
1011 2106 1141 2142 cultos
1184 2105 1322 2152 fuisse,
1351 2112 1393 2143 et
1423 2120 1478 2144 ex

86 2173 273 2223 ipsorum
300 2173 436 2223 potius
463 2173 661 2222 religione
699 2173 798 2210 Iove
828 2172 935 2210 nihil
964 2173 1130 2224 dignum
1168 2174 1212 2210 in
1239 2174 1341 2209 mari
1368 2174 1480 2224 gigni

88 2252 208 2290 posse
249 2239 438 2278 docuerit
483 2240 601 2278 Plato
648 2247 689 2278 et
738 2254 792 2278 ex
833 2255 882 2278 eo
924 2241 1085 2278 Pierius
1123 2239 1377 2291 hieroglyph.
1406 2241 1476 2279 lib.

91 2306 246 2344 §CXXI
274 2320 337 2357 pr.
365 2309 480 2345 Felis
509 2314 672 2356 contra,
731 2323 834 2360 quae
875 2309 1044 2346 Graecis
1081 2308 1233 2345 dicitur
1271 2309 1477 2360 αἴλουρος,

90 2376 152 2416 (et
174 2371 270 2410 hinc
308 2388 469 2427 quoque
508 2378 674 2414 aelurus
705 2376 813 2414 Gen.
850 2376 950 2423 XX,
982 2378 1017 2414 8.
1058 2382 1099 2413 et
1127 2375 1278 2425 Hygin.
1308 2379 1474 2415 Astron.

89 2441 145 2488 II,
188 2442 254 2478 28.
289 2441 360 2479 ubi
398 2456 437 2479 v.
464 2443 699 2493 Muncker.)
738 2444 908 2481 Bubasti
936 2443 1235 2494 Aegyptiorlun
1275 2457 1304 2480 s.
1332 2443 1480 2482 Lunae

94 2521 208 2545 sacra
235 2508 318 2545 suit
346 2509 513 2561 eiusque
540 2512 636 2549 viva
665 2511 861 2563 quaedam
891 2512 1033 2560 imago.
1056 2509 1314 2548 ›v.Her0d·0t.
1344 2511 1398 2558 II,
1412 2511 1477 2550 66.

95 2576 162 2624 67.
193 2575 342 2614 Athen.
371 2576 398 2614 l.
424 2576 451 2613 1.
480 2579 524 2615 in
555 2577 710 2616 Comm.
741 2579 792 2616 ad
816 2593 854 2616 v.
891 2592 922 2616 1.
944 2577 1053 2618 Plut.
1086 2577 1136 2615 de
1165 2578 1216 2615 Is.
1239 2584 1281 2615 et
1306 2578 1414 2618 Osir.
1439 2594 1479 2632 p.

91 2643 186 2690 576-
214 2643 386 2682 Diodor.
418 2643 450 2681 I.
475 2650 516 2682 et
543 2644 597 2683 Π.
628 2646 837 2685 Iablonski
861 2644 1005 2689 Panth.
1049 2646 1146 2697 Aeg.
1177 2646 1262 2696 ΠΙ,
1302 2648 1338 2685 3.
1372 2645 1409 2702 §.
1440 2648 1478 2688 3.
