1759 3029
573 176 916 218 SATIRA
986 176 1128 217 XIII.

1464 184 1544 230 2217

151 295 417 339 Thebarum
448 302 610 354 portae
643 295 716 337 vel
753 295 1051 338 divitis'ostia
1086 293 1198 336 Nili.

145 364 286 407 Nona
313 372 432 407 aetas
469 367 620 420 agitur
651 367 900 421 peioraque
938 362 1116 405 saecula
1151 362 1263 404 ferri

146 432 477 492 Temporibus,
511 447 711 488 quorum
738 433 897 474 sceleri
935 446 1032 473 non
1064 433 1240 473 invenit
1274 433 1371 487 ipsa

142 501 328 543 Nomen
363 509 408 543 et
436 516 461 543 a
498 502 630 543 nullo
667 504 820 558 posuit
871 500 1052 542 Natura
1096 498 1298 540 metallo.

1474 499 1535 543 30

142 568 241 612 Nos
270 568 512 612 hominum
557 567 820 625 Divumque
855 568 992 611 fidem
1023 568 1221 610 clamore
1252 570 1435 620 demus,

141 636 326 689 Quanto
362 637 616 682 Faesidium
651 638 807 680 laudat
842 637 1011 680 vocalis
1047 643 1258 693 agentem

142 705 375 763 Sportula.
409 706 498 749 Dic
529 709 683 750 senior
717 705 846 749 bulla
880 707 1166 763 dignissime,
1208 706 1368 756 nescis,

144 773 267 825 Quas
294 773 464 817 'habeat
497 773 703 817 Veneres
740 775 886 816 aliena
915 773 1145 832 pecunia?
1180 775 1341 824 nescis,

142 842 292 894 Quem
313 851 390 885 tua
412 844 676 901 simplicitas
695 847 839 885 risum
859 843 999 899 vulgo
1032 849 1213 885 moveat
1228 873 1241 893 ‚
1287 855 1430 896 quum
1468 842 1531 886 35

139 910 297 967 Exigis
334 927 358 954 a
392 926 648 968 quoquam,
685 927 744 953 ne
775 916 948 969 peieret
985 919 1029 952 et
1064 918 1199 969 putet
1243 909 1354 951 ullis

139 979 249 1026 Esse
281 979 471 1035 aliquod
513 995 687 1023 numen
721 981 906 1037 templis
942 994 1135 1035 araeque
1160 977 1377 1021 rubenti?

139 1047 383 1099 Quondam
403 1047 489 1090 hoc
518 1049 755 1105 indigenae
784 1049 996 1090 vivebant
1029 1061 1158 1090 more
1176 1081 1186 1099 ,
1230 1049 1359 1102 prius
1391 1061 1529 1103 quam

138 1116 351 1158 Sumeret
380 1124 604 1172 agrestem
640 1120 791 1173 posito
829 1117 1080 1159 diademate
1126 1115 1292 1157 falcem

136 1185 360 1228 Saturnus
391 1184 596 1241 fugiens3
629 1193 764 1238 tunc,
802 1200 946 1241 quum
977 1184 1246 1240 virguncula
1273 1181 1389 1225 Iuno

137 1372 199 1394 rus
231 1360 420 1394 duodecim
453 1359 603 1393 millium
626 1359 710 1406 fuit
747 1372 802 1405 ap.

137 1418 243 1452 corn.
259 1418 348 1460 Nep.
368 1418 496 1461 Iphicr.
519 1430 550 1451 2.
572 1429 718 1451 numero
739 1419 801 1450 vix

135 1480 226 1507 sunt
246 1474 399 1507 totidem
430 1486 485 1508 10.
508 1477 579 1508 1¹5-
596 1487 713 1521 17.19.
735 1487 801 1508 21-

135 1543 192 1575 27.
209 1532 264 1565 45.
286 1531 342 1565 46.
358 1533 416 1577 47.
436 1532 494 1577 49.
516 1534 571 1565 ἕο.
594 1532 719 1577 55-69.
736 1544 801 1576 71-

138 1598 192 1631 73.
222 1601 276 1633 77.
308 1597 342 1621 et
364 1588 484 1622 XXIX
510 1589 613 1623 codd.
645 1589 751 1622 Paris.
782 1602 800 1621 e

136 1646 264 1688 quibus
291 1646 381 1678 hanc
413 1648 496 1678 lect.
539 1648 692 1681 restituit
714 1646 801 1679 Ach.

136 1714 224 1745 quae
246 1703 535 1735 emendationem
556 1703 706 1735 redolet.
730 1713 803 1734 nu-

131 1771 227 1792 mero
254 1765 342 1791 sunt
366 1759 428 1791 vix
458 1771 512 1792 20.
560 1769 705 1791 numero
738 1759 802 1791 vix

133 1817 290 1849 totidem
315 1828 365 1848 11.
403 1817 594 1849 Numerus.
632 1816 693 1847 vix
712 1821 803 1847 sunt

132 1873 288 1908 totidem
314 1874 473 1905 malebat
502 1873 670 1906 Schurzss.
703 1881 798 1904 tam-

134 1942 242 1973 quam
261 1931 525 1963 convenientius
545 1931 637 1974 stylo
660 1937 796 1972 poetae.

179 1999 235 2031 27.
266 1987 394 2019 hostia
429 1999 479 2031 19·
506 1998 562 2020 20.
592 1985 647 2019 25.
665 1985 721 2018 125.
739 1986 795 2018 45.

131 2044 189 2088 47.
210 2054 266 2087 ⁴¹9·
287 2044 341 2087 57.
363 2043 417 2078 53.
442 2043 582 2088 64-67.

133 2136 138 2138 ,
180 2100 236 2133 28.
273 2101 383 2133 Nova
408 2101 461 2134 16.
485 2113 539 2134 22.
596 2100 714 2145 igitur
741 2109 797 2131 22.

129 2158 243 2191 Fuere
290 2158 350 2199 qui
404 2159 620 2190 coniicerent
638 2169 645 2188 :
690 2157 798 2189 Nunc

133 2221 241 2249 aeta-s·
253 2215 392 2261 agitur.
410 2214 644 2247 Praestituit:
665 2213 799 2246 Nonne

133 2272 214 2311 vel,
251 2271 348 2314 quod
377 2272 479 2304 Hein.
499 2273 680 2314 ingeniose
709 2281 798 2302 con-

134 2329 236 2368 iecit,
273 2329 360 2361 Non
391 2334 500 2361 aetas
532 2329 661 2374 agitur
689 2345 799 2352 —---

134 2384 312 2417 metallo?
365 2385 457 2418 Nam
486 2396 561 2417 non
599 2396 699 2427 saepe
729 2383 799 2418 dici

133 2452 198 2484 pro
219 2451 351 2482 nonne,
372 2451 495 2474 monet
514 2443 577 2474 ille
601 2442 685 2473 coll.
706 2441 799 2481 1‚51,

133 2498 190 2531 52.
229 2498 371 2530 Terent.
400 2498 511 2532 Andr.
541 2499 599 2539 lv,
619 2498 652 2538 4,
684 2500 735 2532 15.
756 2498 798 2538 V,

136 2566 169 2595 2,
197 2565 249 2586 11.
293 2554 461 2596 Heusing.
492 2555 535 2586 ad
562 2555 636 2589 Cic.
666 2554 710 2586 de
740 2557 800 2592 off.

134 2610 200 2652 ΙΙΙ,
214 2623 266 2655 19.
291 2610 387 2643 Cort.
408 2610 452 2641 ad
471 2610 561 2644 Sall.
587 2612 622 2646 b.
646 2613 723 2655 Ing.
743 2612 800 2649 31.

137 2677 172 2700 et
189 2669 334 2700 Heinsio
355 2667 399 2698 ad
419 2667 516 2709 Virg.
539 2668 626 2700 Aen.
648 2669 708 2708 IX,
728 2669 801 2703 145..

136 2723 216 2757 Alia
238 2726 316 2756 loca
337 2737 357 2756 a
380 2723 563 2758 Schellero
582 2727 618 2757 in
637 2725 720 2762 Lex.
739 2727 800 2760 lat.

1463 1183 1527 1226 40

858 1359 1000 1394 laudata
1017 1367 1099 1394 sunt
1125 1368 1158 1391 et
1178 1371 1196 1391 a
1213 1369 1271 1391 me
1303 1356 1346 1390 ad
1365 1357 1439 1390 Liv.
1460 1357 1524 1398 lv,

858 1419 898 1459 4,
920 1429 952 1452 2.
1001 1418 1060 1451 Sic
1086 1425 1204 1449 tamen
1237 1417 1384 1458 languet
1415 1414 1524 1447 dictio

858 1476 921 1508 illa
935 1482 1043 1507 aetas
1060 1474 1190 1520 agitur
1209 1479 1244 1505 et
1262 1471 1426 1513 saecula,
1441 1483 1524 1504 ma-

857 1535 981 1575 iorque
1013 1533 1239 1564 affirmationi
1267 1533 1317 1563 vis
1343 1532 1451 1568 inest,
1485 1536 1524 1562 ut

857 1602 887 1622 v.
921 1591 977 1622 25.
1009 1597 1044 1621 et
1071 1601 1146 1632 27.,
1181 1599 1289 1631 quam
1321 1588 1522 1628 interroga-

859 1649 960 1679 tioni.

905 1705 961 1737 32.
1015 1701 1171 1745 Quando
1198 1701 1306 1743 legit,

857 1772 944 1791 vers.
976 1770 1132 1800 german.
1170 1759 1335 1800 expressit
1378 1755 1524 1789 Bahrdt.

858 1815 929 1848 Sed
956 1817 1096 1857 vulgata
1128 1814 1234 1845 lectio
1262 1814 1368 1855 longe
1400 1814 1525 1855 aptior,-

858 1882 891 1905 et
912 1875 948 1905 in
971 1885 1008 1904 ea
1034 1873 1146 1903 maior
1164 1872 1214 1906 vis
1234 1878 1295 1902 est.
1316 1889 1359 1895 ·-
1387 1870 1524 1901 Faesi-

853 1930 951 1962 dium
974 1941 1002 1962 1.
1035 1939 1085 1961 ιο.
1103 1938 1156 1960 11.
1183 1938 1231 1959 ι2.
1249 1927 1299 1958 14.
1322 1924 1373 1959 15.
1400 1925 1524 1959 18.22.

855 1988 910 2020 51.
934 1986 990 2019 55.
1024 1996 1077 2028 70·
1108 1984 1164 2023 75.
1193 1982 1247 2028 76.
1266 1983 1324 2016 82.
1392 1982 1524 2015 Fessi-

854 2044 952 2076 dium
981 2053 1036 2075 20.
1065 2042 1120 2078 24.
1147 2042 1202 2077 25.
1236 2052 1292 2084 27.
1314 2041 1369 2083 47.
1394 2039 1450 2072 —L80
1467 2039 1526 2073 50.

854 2099 979 2142 56-60.
999 2100 1123 2143 71274·
1153 2110 1208 2144 77.
1256 2096 1444 2132 Fesidium
1470 2107 1525 2140 19.

854 2156 1064 2193 Pltesidium
1083 2168 1138 2189 21.
1156 2156 1215 2188 23.
1229 2155 1284 2188 45.
1310 2153 1367 2190 46,
1399 2152 1527 2185 Phae-

854 2213 988 2246 sidium
1007 2215 1064 2258 49.
1109 2211 1344 2244 ΡΙιοεεὶιίίαπι
1370 2221 1421 2254 17.
1457 2209 1527 2240 Se·-

854 2269 977 2306 silium
996 2269 1050 2306 26.
1077 2287 1124 2295 ·-
1153 2268 1281 2301 laudet
1308 2267 1366 2301 25.
1389 2266 1446 2301 56.
1471 2267 1524 2309 57.

854 2327 911 2372 59.
935 2326 991 2364 60..

906 2385 962 2420 54.
995 2384 1092 2416 abest
1118 2395 1137 2414 a
1170 2382 1222 2416 16.
1251 2389 1284 2413 et
1309 2389 1389 2425 post
1415 2392 1450 2415 v.
1470 2379 1525 2415 55.

857 2443 990 2484 legitur
1013 2443 1051 2473 in
1078 2451 1131 2485 ¹9·

901 2499 958 2531 55.
985 2497 1060 2529 illis=
1085 2509 1139 2532 22.

901 2557 957 2587 4ο.
983 2554 1169 2588 Saturnus
1180 2550 1360 2596 fugiens,
1386 2557 1423 2585 et
1440 2556 1523 2583 erat

856 2611 1077 2657 virguncula
1103 2610 1197 2641 Iuno
1231 2620 1283 2641 11.
1312 2610 1415 2651 plane
1441 2609 1520 2640 ele-

859 2676 982 2711 gauter
1006 2675 1040 2698 et
1059 2674 1171 2707 recte,
1206 2664 1322 2697 iudice
1351 2664 1521 2697 Schurzss.

1353 1707 1446 1731 certe
1485 1701 1525 1732 in

863 2727 924 2768 qui
943 2732 1084 2765 monet,
1119 2724 1262 2756 lacunas
1280 2724 1369 2757 olim
1387 2723 1423 2755 in
1443 2723 1520 2765 pri-
