1759 3029
283 159 363 202 542
789 155 1156 196 EXCVRsvs
1201 209 1205 214 ¹

285 271 547 323 Aethiopiam
573 278 614 310 et
634 279 785 310 terram
807 271 1128 323 elephantorum.
1186 271 1273 321 Ego
1313 271 1410 312 olim
1432 272 1667 322 suspicabar

286 338 503 389 legendum
523 352 610 376 esse
631 342 823 384 Prorsus,
853 340 983 391 plane.
1018 339 1098 376 Sed
1122 353 1160 377 v.
1188 338 1343 376 Comm.
1378 362 1431 369 —--
1483 340 1667 389 aliosque

287 406 525 455 elephantos
546 406 741 444 exhibent
762 420 820 445 ῑο.
848 408 961 446 14—
978 420 1039 456 27.
1062 408 1113 445 45
1131 429 1176 436 -υ
1195 408 1258 445 50.
1287 408 1337 444 54
1356 430 1384 435 ν»
1419 407 1481 455 74.
1508 412 1553 443 ut
1577 406 1666 456 epi-

286 473 433 511 theton
460 473 510 511 ad
531 474 808 512 diversitatem
833 475 899 512 vel
921 481 1124 512 terrarum
1156 474 1324 524 Libyae,
1347 475 1389 511 in
1415 474 1558 525 quibus
1582 473 1668 510 ele-

288 539 429 592 phanti
456 542 548 589 sint,
577 542 644 578 vel
671 542 979 592 elephantorum
1010 543 1051 579 in
1090 532 1415 579 Mauretaniaet
1438 541 1669 592 Aethiopia,

289 620 361 644 seu
382 608 600 659 Aethiopia
623 609 861 646 occidentali
896 616 936 646 et
959 610 1159 655 orientali,
1185 610 1253 646 vel
1288 609 1474 659 ipsorum
1492 608 1666 646 Aethio-

287 689 386 726 pum
411 682 577 726 spectet.
616 677 680 713 De
705 676 779 713 hae
804 690 841 712 ν.
865 676 1020 713 Comm.
1043 689 1211 727 eamque
1232 676 1449 727 significari
1472 677 1670 727 putabant

290 742 538 792 Grangaeus.
567 744 713 793 Rigalt.
736 749 775 779 et
798 743 877 789 alii,
906 749 951 778 ut
975 743 1056 780 alit
1079 757 1216 793 propr.
1237 756 1321 780 non
1341 743 1553 793 elephanti
1575 743 1669 790 sint,

287 810 358 847 sed
396 811 629 862 Aethiopes.
663 810 725 847 Cs.
747 810 848 848 Stat.
878 809 1007 847 Theb.
1044 811 1098 857 X,
1131 812 1195 848 85.
1252 811 1386 848 Multo
1419 809 1672 861 probabilior

286 877 451 915 videtur
472 877 700 915 emendatio
732 878 954 926 Plathncri,
978 879 1046 929 qui
1079 879 1270 930 albo-sque
1302 878 1545 916 coniiciebat
1580 877 1670 916 coll.

286 945 423 981 verbis
457 945 700 982 Ptolemaei:
760 946 880 984 quta
924 947 1101 996 Libyam
1138 960 1294 995 'magna
1324 945 1575 995 Aethiopum
1605 959 1672 981 re·-

285 1013 373 1062 gz'o,
399 1014 443 1048 in
472 1027 555 1062 (loa
578 1013 804 1062 elephanti,
829 1014 918 1051 albi
936 1027 1087 1057 omnes,
1119 1021 1156 1049 et
1177 1012 1450 1049 rhinocerotes
1485 1021 1523 1048 et
1542 1014 1671 1062 tigres

289 1086 398 1115 sunt.
454 1078 676 1129 Elephanti
700 1080 886 1130 vulgares
906 1086 1000 1119 sunt
1030 1081 1118 1118 sere
1158 1080 1330 1127 cinerei,
1383 1082 1551 1130 (grau)
1601 1092 1671 1115 ra-

286 1146 417 1183 riores
449 1147 567 1184 rubri
599 1161 628 1184 s.
680 1147 784 1196 rufi,
815 1154 857 1184 et
888 1148 1088 1185 rarissimi
1145 1147 1326 1195 candidi3
1370 1146 1478 1183 unde
1518 1147 1561 1183 in
1600 1160 1672 1182 re-

287 1214 374 1263 gnis
401 1214 510 1263 Pegu
536 1220 578 1251 et
599 1215 707 1252 Siam
732 1215 781 1252 de
814 1215 902 1252 solo
939 1215 1060 1252 titulo
1094 1215 1223 1266 Regis
1258 1214 1431 1252 candidi
1462 1213 1674 1262 elephanti

289 1287 457 1317 eruenta
485 1281 581 1317 olim
606 1281 712 1318 bella
737 1287 826 1319 orta
844 1295 931 1318 esse
955 1288 1157 1318 memorat
1178 1282 1235 1318 M.
1273 1281 1312 1318 le
1335 1281 1459 1317 Blane
1478 1281 1520 1317 iu
1545 1279 1672 1317 ltine-

287 1359 367 1384 rar.
425 1348 513 1384 Hac
541 1349 822 1386 emendatione
843 1354 1009 1400 recepta
1028 1355 1138 1386 totus
1171 1348 1238 1386 hic
1262 1362 1402 1386 versus
1427 1347 1476 1384 ad
1495 1346 1672 1385 Aethio-

277 1415 397 1466 piam
431 1415 700 1453 denotandam
730 1417 920 1467 pertinet.
980 1416 1061 1453 Sed
1091 1417 1132 1453 in
1161 1415 1381 1465 Aethiopia
1416 1429 1551 1451 omnes
1586 1416 1672 1452 ele-

287 1481 464 1532 phantos
501 1482 625 1520 fuisse
656 1483 860 1531 candidos,
896 1485 983 1534 quis
1018 1485 1094 1521 sihi
1125 1483 1363 1534 persuaderi
1393 1482 1611 1533 patiatur?
1630 1488 1673 1519 et

290 1549 380 1585 albi
404 1563 464 1600 ap.
487 1550 658 1588 Ptolem.
682 1556 777 1587 sunt
796 1551 935 1587 forsan
970 1551 1059 1587 cani
1088 1564 1116 1586 s.
1144 1551 1308 1587 cinerei.
1355 1549 1547 1600 Aptiores
1567 1564 1672 1601 quo-

291 1629 368 1666 que
394 1615 433 1653 h.
455 1616 480 1652 l.
510 1624 604 1654 sunt
638 1620 717 1655 alta·
760 1617 984 1667 elephanti.
1029 1631 1065 1655 v.
1104 1617 1260 1654 Comm.
1297 1616 1355 1655 Ill.
1392 1618 1534 1654 Jacobs
1571 1616 1670 1655 haee

289 1682 521 1720 adnotavit:
574 1683 838 1734 „Legendum
871 1686 1029 1721 meos
1055 1684 1306 1734 Aethiopum
1340 1685 1590 1735 adpopulos
1617 1684 1670 1736 (v.

287 1750 336 1787 ad
367 1751 464 1797 ΧΠ,
499 1750 612 1800 104.)
645 1751 837 1803 albasque
869 1751 1107 1802 elephantos
1140 1752 1327 1789 Additur
1364 1754 1549 1802 imperiis
1585 1754 1672 1790 Hi-

290 1821 455 1868 spania.
514 1817 787 1869 Elephantum
826 1832 950 1868 genus
988 1818 1231 1870 Aethiopiae
1275 1819 1423 1857 finibus
1458 1820 1672 1870 proprium

287 1887 455 1937 requiri,
479 1887 559 1923 iam
583 1886 791 1922 intellexit
813 1886 1068 1933 Platlmmvs,
1089 1892 1129 1923 et
1149 1887 1405 1925 Ptolemaeus
1425 1888 1468 1924 in
1495 1887 1671 1925 Aethio-

288 1954 356 2005 pia
382 1953 617 2004 elephantos
646 1953 760 1989 albos
784 1967 919 1990 omnes
942 1953 1123 2002 tradidit,
1154 1968 1203 1991 an
1226 1968 1279 1992 ex
1299 1955 1361 1993 rei
1384 1954 1571 2003 veritate,
1596 1969 1671 1993 neo

288 2034 352 2068 ne,
375 2019 479 2058 nihil
504 2019 553 2057 ad
586 2020 714 2057 rem.“

657 2139 693 2177 E
741 2140 786 2178 X
834 2140 866 2178 G
919 2141 960 2178 V
1009 2140 1048 2177 R
1097 2140 1123 2177 S
1176 2141 1218 2178 V
1268 2141 1295 2177 S

378 2230 412 2248 s.
729 2208 788 2245 ad
813 2208 898 2245 Sat.
925 2207 980 2254 X,
1010 2209 1101 2245 312.
1132 2207 1224 2245 313.

398 2285 546 2335 BIagua
560 2290 621 2321 est
639 2283 679 2321 11.
699 2284 726 2322 1.
751 2284 939 2321 lectionis
957 2284 1144 2330 varietas,
1166 2297 1267 2334 quae
1298 2283 1562 2323 librariorum
1580 2291 1670 2323 stu-

286 2352 379 2405 pori
401 2352 583 2389 debetur.
616 2365 891 2404 quascumque
915 2352 1059 2387 mariti
1085 2351 1260 2401 Exigere
1284 2348 1339 2401 (h.
1354 2365 1385 2388 e.
1414 2352 1583 2402 exigunt
1602 2352 1671 2389 vel

287 2419 453 2469 exigere
475 2419 618 2463 solent³
641 2418 726 2455 scil.
750 2418 798 2456 ab
813 2417 1028 2466 adulteris)
1057 2419 1161 2454 irati
1184 2419 1347 2455 restitui
1373 2433 1425 2456 ex
1460 2421 1496 2457 5.
1518 2432 1576 2457 12.
1607 2421 1669 2457 18.

286 2486 352 2524 24.
378 2487 444 2526 25.
475 2497 538 2535 27.
571 2486 624 2524 46
646 2486 770 2537 *49
803 2483 978 2535 54-69.
1006 2485 1179 2533 71—74.
1206 2491 1246 2522 et
1279 2485 1365 2523 XII
1391 2486 1508 2523 MSS.
1542 2486 1668 2523 Paris.

286 2553 428 2603 probb.
451 2553 581 2591 Pulm.
608 2558 649 2590 et
677 2552 859 2590 Gronov.
882 2550 1003 2589 Obss.
1027 2551 1079 2599 II,
1106 2552 1165 2590 14.
1197 2552 1268 2589 ubi
1292 2543 1432 2603 inagna
1455 2553 1670 2603 exemplo-

285 2609 389 2658 rum'
416 2622 532 2671 copia
561 2619 749 2667 ostendit,
782 2619 910 2657 multa
940 2619 1085 2669 passim
1109 2633 1182 2669 per
1211 2619 1460 2657 infinitivum
1501 2619 1669 2656 modum

287 2687 558 2740 pronunciata
579 2700 677 2736 esse,
702 2687 788 2728 sive
808 2686 851 2726 in
879 2685 1061 2725 oratione
1083 2686 1258 2740 obliqua,
1289 2687 1375 2726 sive
1414 2699 1489 2740 per
1510 2685 1673 2738 ellipsin
