1759 3029
752 160 850 199 DE

309 177 448 203 XXXV!

935 159 1242 201 SATIRA

388 277 437 314 Iu
467 274 530 312 his
562 274 814 314 Graecorum
838 275 988 314 sabulis
1020 275 1231 326 satyricis,
1270 275 1491 326 praecipue
1515 277 1698 315 comico-³

307 357 399 382 rum
430 349 666 394 poetarum,
707 348 750 380 et
781 343 1021 391 comoediis,
1049 344 1215 395 antiqua
1246 343 1289 380 in
1311 342 1454 394 primis
1476 348 1518 380 et
1551 343 1696 392 media,

901 496 970 528 Ista

305 564 388 584 vero
417 554 503 584 ratio
542 554 655 584 omnis
689 554 875 595 populares
910 565 970 584 ca-

306 497 420 537 exuit,
474 503 590 527 tamen
619 497 835 539 temperavit.

304 608 452 641 villandi
478 610 513 640 in
535 607 647 640 Attica
666 619 767 640 scena
786 612 970 641 transmis-

304 676 341 696 sa
382 674 431 697 est
472 665 515 697 ad
540 663 718 705 Comicos,
758 684 805 690 —-
845 667 972 707 quibus

303 723 487 764 proprium
531 720 597 751 hoc
635 730 722 763 puto
761 722 888 762 fuisse,
934 731 973 754 ut

304 790 376 809 non
409 780 525 810 solum
560 780 761 818 aequalium
795 791 909 811 mores
939 788 972 811 et

303 836 459 866 instituta
487 834 649 877 carpendi
676 836 887 868 malevolam
920 836 970 866 li·-

304 889 477 922 bertatem
502 891 735 932 adsumerent,
773 892 835 923 sed
857 895 970 924 omnis

306 948 442 989 generis
469 948 714 978 scurrilitatem
744 955 776 978 et
790 949 970 982 licentiam

307 1005 601 1046 amplexarentur.
637 1003 815 1044 Equidem
842 1007 969 1048 Tragi-

304 1071 362 1092 cos
399 1060 564 1100 dixerim,
605 1061 775 1092 severitati
811 1064 970 1104 aptiores,

304 1118 444 1148 virilem
467 1119 673 1159 sapientiam
709 1129 747 1148 ac
777 1121 969 1151 sententia-

304 1186 384 1205 rum
410 1177 612 1216 gravitatem
639 1174 845 1218 Satyrorum
869 1178 969 1209 iuve-

898 1233 970 1265 Co-

303 1289 426 1329 micos,
454 1289 570 1318 animo
596 1287 637 1318 ad
661 1287 882 1320 irridendum
905 1303 971 1322 na—

304 1232 369 1262 nili
404 1230 576 1262 hilaritate
620 1240 848 1273 temperasse3

304 1351 352 1385 to,
393 1344 436 1374 ad
479 1344 707 1374 solutissimas
753 1344 971 1379 descendisse

305 1402 493 1432 iocationes
533 1411 570 1430 ac
595 1399 811 1432 subabsurda
835 1405 972 1444 quaevis

306 1465 340 1489 et
385 1456 536 1489 ridicula
588 1456 743 1488 versibus
794 1459 971 1493 effutiisse.

305 1514 444 1556 Quippe
482 1513 537 1545 illi
580 1512 851 1546 delectationem
889 1528 972 1558 spe-

305 1579 477 1602 ctatorum
521 1582 603 1601 cum
634 1572 784 1602 utilitate
820 1572 973 1613 quadam

304 1626 534 1669 copulabant3
577 1627 632 1666 hi,
674 1628 787 1669 plebis
812 1637 973 1679 tantun}-

303 1683 412 1715 modo
451 1683 560 1713 favori
594 1684 773 1725 velificati,
807 1685 972 1718 adhibere

304 1742 429 1772 animis
461 1741 679 1780 voluptatem
727 1752 854 1783 eosque
891 1743 971 1774 dare

304 1795 511 1828 iucunditati
541 1796 777 1828 volebant.—
821 1798 862 1841 2)
881 1799 973 1831 Tra-

304 1853 371 1894 gici
396 1861 536 1894 poetae,
572 1854 734 1894 antiquae
765 1856 973 1887 retinentis-

302 1911 382 1941 simi
405 1910 649 1951 simplicitatis,
670 1909 875 1953 Satyrorum
897 1913 970 1943 sal-

303 1974 415 1998 tantes
439 1966 561 1997 choros
596 1966 832 2009 introduxere,
857 1971 971 2000 comi-

303 2025 335 2055 ci
359 2031 416 2054 aut
440 2024 662 2055 excluserunt
685 2025 801 2066 plane,
827 2033 896 2065 aut,
911 2036 969 2056 se-

302 2080 453 2112 rioribus
474 2089 565 2112 certe
592 2081 821 2123 temporibus,
857 2084 970 2114 vicem

303 2149 427 2169 eorum
452 2146 484 2168 et
509 2149 636 2169 munus
671 2138 840 2169 irrisionis
872 2150 971 2170 causa

304 2193 348 2225 ad
376 2195 461 2225 alios
487 2194 701 2227 detulerunt.
751 2194 848 2237 Quos
874 2197 970 2226 enim

303 2253 502 2292 superstitio
543 2252 577 2282 iu
619 2251 743 2283 Bacchi
788 2251 970 2293 quoddam

304 2308 398 2347 quasi
433 2309 640 2339 satellitium
672 2307 878 2348 adsciverat,
909 2309 969 2340 Si—

302 2362 676 2407 leniSat3†01·11n1que
713 2365 820 2406 chori,
858 2378 969 2407 quum

302 2418 381 2450 rudi
415 2421 648 2460 agricolarum
683 2424 876 2454 imitatione
908 2435 968 2455 re-

301 2478 508 2517 praesentati
552 2479 745 2519 primordia
789 2479 968 2513 dedissent

300 2533 374 2564 istis
398 2532 536 2571 sabulis,
563 2536 651 2566 iuter
675 2544 807 2568 caetera
830 2537 967 2581 Diony-

877 2594 967 2625 Tra-

299 2647 368 2687 gie-i
392 2657 500 2689 paene
532 2651 759 2680 necessariam
786 2649 966 2681 iudicave—

300 2590 434 2621 siorum
457 2590 612 2622 solennia
640 2592 842 2624 celebratis:

297 2710 381 2734 runt
412 2701 501 2734 hanc
536 2703 742 2747 Satyrorum
783 2706 966 2739 inductio-

1009 817 1012 819 *
1029 777 1303 809 commodatam.

1026 508 1123 538 nem,
1158 504 1191 528 et
1225 496 1440 538 antiquitatis
1472 496 1553 527 satis
1587 494 1696 536 longa

1029 551 1282 585 consuetudine
1324 553 1527 595 probatam,
1575 558 1609 582 et
1639 548 1699 597 rad.

1027 609 1233 640 relaxandos
1278 610 1430 649 animos,
1483 609 1699 649 tragicarum.

1029 665 1120 696 forte
1142 676 1263 696 rerum
1286 667 1463 696 atrocitate
1478 666 1583 707 paulo
1607 664 1699 694 affe-

1029 729 1102 751 ctos
1120 720 1372 762 vehementius,
1398 723 1487 752 mire
1506 731 1612 762 quam
1635 732 1698 752 ac·-

1363 777 1500 809 Limata
1547 775 1698 809 subinde

1028 832 1112 865 haec
1137 835 1224 865 ratio
1250 842 1321 865 arte
1347 841 1551 876 poetarum,
1596 843 1699 864 acce—

1026 891 1078 932 pit
1114 891 1268 932 aliquam
1300 891 1473 923 suaritatis
1507 890 1603 921 velut
1635 898 1698 920 ac-

1029 948 1239 987 cessionem,
1280 959 1368 988 quae
1405 946 1699 988 perseverantiam

1027 1005 1100 1035 eius
1135 1003 1338 1035 retinendae
1371 1005 1519 1034 afferret.
1575 1002 1697 1044 Longe

1027 1061 1092 1093 alia
1121 1061 1188 1092 fuit
1226 1061 1263 1091 in
1296 1059 1423 1102 dispari
1451 1061 1598 1092 consilio
1623 1058 1698 1091 Co-

1027 1118 1205 1148 micorum
1240 1118 1349 1156 ratio,
1391 1118 1452 1158 qui
1483 1116 1698 1148 iocularibus

1029 1171 1220 1203 fundendis
1271 1174 1317 1203 ita
1365 1172 1596 1216 peragrabant
1635 1184 1698 1215 per

1029 1230 1163 1260 animos
1178 1229 1375 1269 hominum,
1401 1232 1447 1261 ita
1462 1241 1580 1261 sensus
1591 1241 1699 1261 men-

1028 1292 1149 1326 tesque
1168 1286 1446 1328 pei-mulcebant,
1471 1296 1507 1318 ut
1525 1298 1610 1329 opus
1625 1298 1698 1319 non

1030 1350 1118 1373 esset
1141 1344 1206 1373 isto
1232 1355 1339 1376 novae
1368 1352 1401 1375 et
1425 1342 1566 1375 aliunde
1581 1354 1700 1375 arces—

1029 1401 1112 1430 sitae
1137 1400 1301 1442 choragio
1316 1400 1581 1432 delectationis„
1596 1401 1698 1432 Mul-

1029 1457 1055 1487 ti
1096 1467 1235 1499 quoque
1278 1456 1413 1488 Comici
1449 1469 1522 1496 res,
1576 1469 1594 1489 e
1629 1459 1699 1490 vita

1030 1515 1210 1546 communi
1246 1516 1394 1557 petitas,
1433 1513 1589 1557 adeoque
1625 1526 1697 1548 nou

1031 1582 1084 1601 eas
1119 1573 1306 1603 consectati
1339 1579 1438 1611 sunt,
1481 1573 1515 1604 in
1547 1583 1698 1613 quarum

1032 1629 1321 1660 communionem
1359 1628 1550 1670 quamdam
1584 1628 1698 1673 Satyri

1030 1692 1170 1724 possent
1202 1685 1434 1726 probabiliter
1469 1684 1616 1717 adduci:
1660 1694 1699 1718 ut

1030 1747 1176 1779 taceam,
1211 1752 1326 1783 neque
1362 1741 1405 1773 de
1445 1740 1558 1773 choris
1590 1742 1698 1787 Saty-

1029 1807 1150 1828 rorum
1176 1798 1211 1828 iu
1240 1797 1367 1829 fabulis
1394 1799 1697 1842 comico-satyri-

1031 1854 1096 1892 cis,
1138 1864 1252 1894 ueque
1285 1853 1327 1884 de
1360 1854 1472 1885 choris
1508 1865 1629 1887 earum
1659 1857 1697 1888 in

1029 1911 1230 1941 universum
1255 1911 1448 1952 quidquam
1461 1912 1614 1944 relatum
1635 1915 1695 1945 in·-

1027 1966 1148 1997 veniri.
1183 1984 1228 1989 —-
1260 1967 1575 2009 Quemadmodmn
1614 1981 1697 2002 vero

1027 2030 1148 2063 poetae
1171 2026 1496 2068 comico—satyrici,
1523 2028 1582 2069 qui
1606 2038 1695 2059 con-

1027 2080 1194 2111 tumeliae
1222 2088 1256 2111 et
1281 2081 1448 2113 irrisionis
1474 2095 1573 2116 causa
1587 2084 1695 2117 fabu-

1028 2137 1103 2168 losa
1126 2146 1320 2172 sumserant
1353 2151 1371 2169 a
1397 2139 1552 2181 Tragicis
1585 2152 1697 2182 argu-

1026 2203 1154 2236 menta,
1188 2195 1352 2227 heroibus
1385 2198 1488 2238 prisci
1513 2198 1586 2229 aevi
1611 2209 1696 2229 mo-

1026 2263 1080 2282 res
1115 2252 1267 2284 tribuere
1303 2253 1524 2293 inhonestos,
1570 2261 1604 2285 et
1641 2255 1695 2286 ri-

1027 2308 1187 2340 diculum
1232 2309 1390 2340 habitum
1424 2309 1599 2352 adfingere
1632 2323 1696 2344 so·

1026 2365 1156 2406 lebant,
1181 2368 1240 2408 qui
1256 2365 1460 2408 Satjrorum
1480 2379 1589 2409 paene
1614 2378 1694 2402 tur-

1025 2422 1223 2465 pitudinem
1249 2432 1470 2464 exaequaret:
1503 2427 1550 2457 ita
1575 2428 1611 2457 in
1636 2427 1693 2458 fa-

1026 2479 1139 2520 bulis,
1165 2479 1207 2510 ad
1242 2479 1452 2511 domesticae
1486 2483 1573 2513 sitae
1599 2484 1693 2515 ima-

1026 2537 1145 2577 ginem
1179 2536 1413 2576 adumbratis,
1459 2540 1487 2570 si
1515 2540 1580 2570 ciri
1613 2541 1692 2572 cui-

1025 2595 1121 2636 piam
1146 2594 1296 2626 illudere
1334 2595 1462 2626 vellent
1493 2604 1596 2637 atquo
1629 2598 1691 2628 iu-

1026 2650 1262 2691 commodare,
1283 2650 1365 2682 haec
1387 2651 1522 2683 videtur
1539 2662 1609 2683 non
1630 2665 1690 2684 ra·-

1024 2718 1063 2740 ro
1105 2707 1198 2740 fraus
1230 2716 1360 2740 versata
1402 2719 1492 2748 esse,
1536 2716 1574 2740 ut
1607 2720 1690 2742 eum
