1759 3029
257 176 378 202 xvm
630 156 799 198 ver
856 132 1256 197 IVVENA'LIS

499 272 564 319 A.
631 274 691 319 V'.
765 273 813 318 C.
887 275 995 318 801.
1073 272 1251 316 Christi
1321 271 1399 317 48.

794 342 1028 385 Iuvenalis
1079 358 1101 402 7
1110 373 1119 382 .

357 431 636 486 Messalina,
670 428 1020 490 impudicissima
1045 429 1223 473 Claudii
1250 429 1365 488 Imp.
1395 422 1531 484 uxor⁷
1567 445 1651 488 pa-

257 503 350 545 lam
379 505 560 560 nuptias
592 500 700 543 facit
729 516 832 542 cum
859 499 906 541 C.
930 498 1068 551 Silio,
1098 498 1426 541 formosissimo
1470 503 1648 551 iuvene,

257 581 303 613 et
334 587 437 613 cum
469 585 522 612 eo
559 568 832 611 interficitui
863 567 1054 615 consilio
1074 582 1123 608 30
1151 571 1277 609 iussu
1305 567 1411 609 Nar
1414 567 1546 619 cissi,
1581 568 1650 609 di-

254 643 419 681 tissimi
437 641 831 696 potentissimique
861 636 1133 677 libeitoium
1168 634 1357 677 Claudii.
1406 651 1445 678 v.
1470 637 1527 678 ad
1558 634 1649 677 Sat.

255 706 353 759 VI,
398 706 691 750 115—132.
723 702 796 757 X,
854 703 1154 761 329—345.
1189 711 1233 745 et
1268 701 1413 756 XIV,
1454 705 1549 762 329
1584 717 1650 759 sq.

255 775 441 818 Praetei
488 775 750 815 Narcissum
787 771 949 814 Pallas
997 779 1043 812 et
1076 770 1272 814 Posides
1309 771 1463 813 liberti
1500 766 1651 829 pluiiss-

255 859 385 886 mum
421 859 485 899 gl
477 846 561 883 1113
597 839 808 883 valebant
839 841 960 896 apud
1004 840 1213 881 eumdem
1253 837 1498 882 Claudium
1534 838 1649 918 Impl-

259 911 327 956 Cf.
357 913 413 954 ad
443 910 532 951 Sat.
564 907 609 961 I,
649 921 754 966 109.
790 917 835 951 et
865 905 1009 960 XIV,
1050 923 1127 966 9¹·

507 995 569 1038 A.
642 995 700 1039 V
776 994 824 1038 C.
894 996 1005 1038 802.
1081 994 1260 1038 Christi
1332 996 1407 1054 49.

787 1063 1025 1106 Iuvenalis
1059 1065 1100 1107 8.

355 1153 427 1195 De
455 1153 827 1210 praeceptoribus
849 1153 1082 1195 Iuvenalis
1112 1151 1229 1194 nihil
1264 1160 1417 1210 potest
1449 1159 1572 1194 certa
1604 1158 1650 1192 et

256 1223 496 1280 explorata
514 1221 601 1263 fide
622 1223 753 1263 tradi.
812 1220 1077 1263 Henninius
1100 1221 1284 1278 quidem
1298 1254 1309 1273 ,
1346 1220 1514 1264 Criniti
1535 1221 1650 1262 alio-

256 1305 449 1346 rumque
480 1293 799 1331 auctoritatem
845 1298 1089 1347 sequutus,
1145 1291 1200 1332 ad
1239 1293 1378 1331 vitam
1407 1289 1649 1342 Iuvenalis,

258 1374 369 1415 quae
391 1358 609 1399 Suetonio
633 1358 874 1412 tribuitur,
910 1367 1062 1412 notat,
1100 1373 1204 1399 eum
1227 1357 1460 1402 Frontone
1481 1357 1650 1400 Gram—

256 1431 421 1469 matico
453 1425 613 1485 (quem
637 1428 772 1468 etiam
792 1426 881 1469 Sat.
903 1426 938 1480 I,
983 1444 999 1469 1
1016 1443 1054 1470 2.
1088 1430 1219 1468 innui
1242 1429 1425 1482 quidam
1457 1423 1651 1484 putant)

256 1499 471 1552 magistro
493 1508 627 1535 usum
650 1508 743 1536 esse
768 1503 813 1538 et
832 1495 885 1537 ab
905 1511 957 1537 eo
987 1510 1162 1537 summa
1194 1496 1429 1551 diligentia
1463 1498 1651 1536 institu-

257 1575 380 1608 tum:
416 1562 539 1605 hunc
562 1565 681 1604 enim
705 1565 908 1606 docuisse
931 1564 1021 1606 illis
1047 1563 1327 1621 temporibus
1347 1563 1520 1606 Romae
1550 1577 1650 1604 ma-

255 1648 343 1690 gna
365 1647 468 1674 cum
502 1634 699 1673 nominis
721 1633 980 1675 celebritate
997 1667 1007 1684 ,
1055 1640 1167 1673 teste
1191 1631 1359 1675 Gellio.
1427 1631 1649 1673 Eamdem

257 1703 312 1743 ob
338 1714 516 1742 causam
536 1698 664 1741 fuere
695 1704 854 1753 etiam,
893 1704 973 1756 qui
996 1700 1258 1742 Iuvenalem
1281 1703 1330 1741 in
1361 1700 1650 1756 disciplinam

255 1771 475 1826 traditum
497 1782 590 1808 esse
612 1767 897 1819 Quintiliano
923 1771 1274 1826 suspicarentur.
1310 1769 1394 1811 Sed
1419 1781 1555 1822 quam
1575 1770 1649 1809 in·-

256 1837 390 1879 firma
420 1840 476 1877 sit
512 1834 620 1876 haee
657 1840 798 1889 ratio,
842 1835 975 1878 facile
1015 1836 1304 1891 intelligitur.
1390 1834 1512 1876 Nam
1550 1850 1648 1877 non

257 1907 393 1947 modo
411 1903 582 1945 Romae
607 1904 684 1944 alii
703 1918 885 1960 quoque
917 1911 1025 1945 tunc
1050 1906 1265 1960 temporis
1291 1905 1412 1957 iique
1447 1903 1646 1945 celebres

257 1973 387 2016 fuere
418 1971 716 2014 Grammatici
740 1980 784 2014 et
817 1972 1066 2024 Rhetores,
1114 1986 1312 2027 quorum
1345 1970 1520 2014 scholas
1551 1970 1647 2014 fre-

260 2049 478 2098 quentare
510 2044 663 2097 potuit
709 2040 962 2094 Iuvenalis,
1022 2055 1164 2096 quum
1208 2054 1324 2098 puer
1376 2048 1516 2093 esset,
1566 2040 1646 2083 sed

258 2111 408 2153 multo
446 2123 626 2164 quoque
659 2110 939 2167 probabilius
985 2116 1074 2161 est,
1113 2124 1217 2150 eum
1259 2112 1524 2164 quorumvis
1558 2122 1646 2166 po-

259 2182 349 2219 tius
404 2177 600 2219 aliorum
647 2181 933 2220 institutione
954 2233 958 2235 ‚
983 2176 1235 2220 formatum
1283 2176 1420 2218 fuisse
1441 2211 1452 2230 ,
1508 2191 1646 2232 quam

258 2244 504 2288 Frontonis
537 2246 660 2288 illius
720 2255 764 2289 et
807 2246 1092 2299 Quintiliani.
1178 2245 1268 2287 Hie
1308 2248 1455 2297 enim,
1522 2245 1646 2301 quod

261 2329 400 2370 supra
430 2315 651 2366 diximus,
697 2315 771 2358 vel
801 2316 981 2368 eodem,
1028 2329 1117 2370 quo
1138 2322 1273 2371 poeta
1292 2321 1470 2365 noster,
1506 2328 1643 2366 311110,

259 2383 335 2425 vel
368 2382 564 2437 aliquot,
608 2384 688 2424 ille
729 2392 881 2426 autem
916 2384 1073 2425 multis
1121 2386 1249 2424 annis
1284 2389 1390 2439 post
1430 2397 1533 2423 eum
1562 2397 1644 2423 na·-

259 2458 332 2491 tus
363 2451 554 2492 videtur.
621 2451 806 2494 Marcus
854 2460 974 2494 certe
1024 2451 1262 2493 Cornelius
1307 2449 1503 2503 Fronto,
1550 2449 1643 2492 cla-

260 2521 463 2561 rissimus
493 2518 693 2573 Rhetor,
730 2525 856 2563 cuius
886 2524 1053 2578 passim
1087 2523 1367 2561 mentionem
1391 2518 1498 2561 facit
1530 2517 1642 2560 Gel-

260 2587 370 2640 lius,
408 2586 563 2646 (Noct.
587 2585 686 2630 Att.
708 2588 772 2642 II,
795 2590 867 2633 26.
889 2589 1032 2642 XIII,
1073 2589 1149 2631 28.
1184 2586 1327 2641 XIX,
1356 2588 1396 2629 8.
1430 2600 1500 2630 10.
1544 2584 1640 2645 13.)

258 2663 529 2713 praeceptor
575 2655 664 2697 suit
703 2658 899 2700 duorum
946 2657 1310 2714 Imperatorum,
1369 2655 1435 2698 M.
1486 2653 1640 2696 Anto-

259 2726 362 2765 nini
384 2722 652 2782 Philosophi
690 2724 791 2784 (qui
825 2730 862 2768 ei
894 2734 1089 2770 statuam
1119 2728 1167 2768 in
1200 2733 1385 2782 senatu,
1430 2723 1640 2766 consula-
