<?xml version="1.0" encoding="UTF-8"?>
<!DOCTYPE html PUBLIC "-//W3C//DTD XHTML 1.0 Transitional//EN"
    "http://www.w3.org/TR/xhtml1/DTD/xhtml1-transitional.dtd">
<html xmlns="http://www.w3.org/1999/xhtml" xml:lang="en" lang="en">
 <head>
  <title>
</title>
<meta http-equiv="Content-Type" content="text/html;charset=utf-8" />
  <meta name='ocr-system' content='tesseract 3.04.00' />
  <meta name='ocr-capabilities' content='ocr_page ocr_carea ocr_par ocr_line ocrx_word'/>
</head>
<body>
  <div class='ocr_page' id='page_1' title='image "./satirae16adoptim01juveuoft/satirae16adoptim01juveuoft_0116.png"; bbox 0 0 1759 3029; ppageno 0'>
   <div class='ocr_carea' id='block_1_1' title="bbox 248 158 1319 204">
    <p class='ocr_par' dir='ltr' id='par_1_1' title="bbox 248 158 1319 204">
     <span class='ocr_line' id='line_1_1' title="bbox 248 158 1319 204; baseline 0.001 -3"><span class='ocrx_word' id='word_1_1' title='bbox 248 173 322 201; x_wconf 71' lang='lat' dir='ltr'>cvi</span> <span class='ocrx_word' id='word_1_2' title='bbox 551 160 776 204; x_wconf 87' lang='lat' dir='ltr'>INDEX</span> <span class='ocrx_word' id='word_1_3' title='bbox 816 158 1141 200; x_wconf 82' lang='lat' dir='ltr'>CODICVM</span> <span class='ocrx_word' id='word_1_4' title='bbox 1177 159 1319 202; x_wconf 86' lang='lat' dir='ltr'><strong>MSS.</strong></span> 
     </span>
    </p>
   </div>
   <div class='ocr_carea' id='block_1_2' title="bbox 234 273 1639 2746">
    <p class='ocr_par' dir='ltr' id='par_1_2' title="bbox 244 273 1639 799">
     <span class='ocr_line' id='line_1_2' title="bbox 247 273 1637 326; baseline -0.001 -12"><span class='ocrx_word' id='word_1_5' title='bbox 247 275 491 314; x_wconf 83' lang='lat' dir='ltr'>venerabilis</span> <span class='ocrx_word' id='word_1_6' title='bbox 525 273 750 313; x_wconf 80' lang='lat' dir='ltr'>academiae</span> <span class='ocrx_word' id='word_1_7' title='bbox 784 274 936 313; x_wconf 69' lang='lat' dir='ltr'>Altori.</span> <span class='ocrx_word' id='word_1_8' title='bbox 966 275 1111 313; x_wconf 82' lang='lat' dir='ltr'>Senior</span> <span class='ocrx_word' id='word_1_9' title='bbox 1140 275 1247 313; x_wconf 76' lang='lat' dir='ltr'>Wiss</span> <span class='ocrx_word' id='word_1_10' title='bbox 1281 275 1324 313; x_wconf 90' lang='lat' dir='ltr'>in</span> <span class='ocrx_word' id='word_1_11' title='bbox 1359 288 1476 314; x_wconf 84' lang='lat' dir='ltr'>usum</span> <span class='ocrx_word' id='word_1_12' title='bbox 1515 289 1637 326; x_wconf 82' lang='lat' dir='ltr'>prae·-</span> 
     </span>
     <span class='ocr_line' id='line_1_3' title="bbox 246 342 1638 395; baseline 0.001 -15"><span class='ocrx_word' id='word_1_13' title='bbox 246 344 357 381; x_wconf 86' lang='lat' dir='ltr'>lectt.</span> <span class='ocrx_word' id='word_1_14' title='bbox 392 356 551 380; x_wconf 83' lang='lat' dir='ltr'>suarum</span> <span class='ocrx_word' id='word_1_15' title='bbox 579 343 687 393; x_wconf 86' lang='lat' dir='ltr'>typis</span> <span class='ocrx_word' id='word_1_16' title='bbox 719 342 1025 395; x_wconf 75' lang='lat' dir='ltr'>exprimendam</span> <span class='ocrx_word' id='word_1_17' title='bbox 1057 344 1217 380; x_wconf 71' lang='lat' dir='ltr'>curavit</span> <span class='ocrx_word' id='word_1_18' title='bbox 1250 358 1281 379; x_wconf 84' lang='lat' dir='ltr'>a.</span> <span class='ocrx_word' id='word_1_19' title='bbox 1311 343 1428 390; x_wconf 83' lang='lat'>1760.</span> <span class='ocrx_word' id='word_1_20' title='bbox 1485 343 1638 382; x_wconf 82' lang='lat' dir='ltr'>Totum</span> 
     </span>
     <span class='ocr_line' id='line_1_4' title="bbox 246 410 1636 461; baseline -0.002 -13"><span class='ocrx_word' id='word_1_21' title='bbox 246 424 346 448; x_wconf 79' lang='lat' dir='ltr'>vero</span> <span class='ocrx_word' id='word_1_22' title='bbox 370 410 552 448; x_wconf 85' lang='lat' dir='ltr'>codicem</span> <span class='ocrx_word' id='word_1_23' title='bbox 569 424 752 448; x_wconf 86' lang='lat' dir='ltr'>unacum</span> <span class='ocrx_word' id='word_1_24' title='bbox 774 411 952 461; x_wconf 78' lang='lat' dir='ltr'>quinque</span> <span class='ocrx_word' id='word_1_25' title='bbox 967 410 1083 451; x_wconf 81' lang='lat' dir='ltr'>editt,</span> <span class='ocrx_word' id='word_1_26' title='bbox 1110 416 1207 446; x_wconf 79' lang='lat' dir='ltr'>antt.</span> <span class='ocrx_word' id='word_1_27' title='bbox 1233 411 1358 457; x_wconf 84' lang='lat' dir='ltr'>(Ven.</span> <span class='ocrx_word' id='word_1_28' title='bbox 1391 412 1503 461; x_wconf 80' lang='lat'>1491.</span> <span class='ocrx_word' id='word_1_29' title='bbox 1519 412 1636 449; x_wconf 71' lang='lat'>1512.</span> 
     </span>
     <span class='ocr_line' id='line_1_5' title="bbox 245 476 1637 530; baseline -0.001 -15"><span class='ocrx_word' id='word_1_30' title='bbox 245 478 362 516; x_wconf 85' lang='lat' dir='ltr'>Brix.</span> <span class='ocrx_word' id='word_1_31' title='bbox 401 479 516 516; x_wconf 88' lang='lat'>1501.</span> <span class='ocrx_word' id='word_1_32' title='bbox 545 478 657 530; x_wconf 87' lang='lat' dir='ltr'>Lips.</span> <span class='ocrx_word' id='word_1_33' title='bbox 692 480 804 516; x_wconf 68' lang='lat'>1504.</span> <span class='ocrx_word' id='word_1_34' title='bbox 844 483 885 514; x_wconf 82' lang='lat' dir='ltr'>et</span> <span class='ocrx_word' id='word_1_35' title='bbox 921 477 1091 527; x_wconf 82' lang='lat' dir='ltr'>Argent.</span> <span class='ocrx_word' id='word_1_36' title='bbox 1124 476 1256 529; x_wconf 84' lang='lat'>1527.)</span> <span class='ocrx_word' id='word_1_37' title='bbox 1295 492 1316 514; x_wconf 89' lang='lat' dir='ltr'>a</span> <span class='ocrx_word' id='word_1_38' title='bbox 1348 478 1552 529; x_wconf 83' lang='lat' dir='ltr'>principio</span> <span class='ocrx_word' id='word_1_39' title='bbox 1586 476 1637 514; x_wconf 82' lang='lat' dir='ltr'>ad</span> 
     </span>
     <span class='ocr_line' id='line_1_6' title="bbox 247 543 1636 597; baseline -0.003 -13"><span class='ocrx_word' id='word_1_40' title='bbox 247 545 368 584; x_wconf 82' lang='lat' dir='ltr'>finem</span> <span class='ocrx_word' id='word_1_41' title='bbox 403 547 592 597; x_wconf 77' lang='lat' dir='ltr'>exemplo</span> <span class='ocrx_word' id='word_1_42' title='bbox 627 546 816 583; x_wconf 82' lang='lat' dir='ltr'><strong>editionis</strong></span> <span class='ocrx_word' id='word_1_43' title='bbox 852 545 1097 595; x_wconf 80' lang='lat' dir='ltr'>Bipontinae</span> <span class='ocrx_word' id='word_1_44' title='bbox 1131 545 1381 596; x_wconf 77' lang='lat' dir='ltr'>comparavit</span> <span class='ocrx_word' id='word_1_45' title='bbox 1405 543 1463 582; x_wconf 82' lang='lat' dir='ltr'>CJ.</span> <span class='ocrx_word' id='word_1_46' title='bbox 1496 544 1636 582; x_wconf 70' lang='lat' dir='ltr'>Noth-</span> 
     </span>
     <span class='ocr_line' id='line_1_7' title="bbox 245 611 1639 665; baseline -0.003 -14"><span class='ocrx_word' id='word_1_47' title='bbox 245 615 374 665; x_wconf 79' lang='lat' dir='ltr'>nagel</span> <span class='ocrx_word' id='word_1_48' title='bbox 394 613 748 663; x_wconf 83' lang='lat' dir='ltr'>Norimbergensis</span> <span class='ocrx_word' id='word_1_49' title='bbox 770 614 818 649; x_wconf 89' lang='lat' dir='ltr'>A.</span> <span class='ocrx_word' id='word_1_50' title='bbox 849 611 897 648; x_wconf 88' lang='lat' dir='ltr'>L.</span> <span class='ocrx_word' id='word_1_51' title='bbox 925 611 1002 655; x_wconf 88' lang='grc' dir='ltr'>Μ.,</span> <span class='ocrx_word' id='word_1_52' title='bbox 1034 612 1146 663; x_wconf 85' lang='lat' dir='ltr'>isque</span> <span class='ocrx_word' id='word_1_53' title='bbox 1180 625 1340 650; x_wconf 86' lang='lat' dir='ltr'>onmem</span> <span class='ocrx_word' id='word_1_54' title='bbox 1368 626 1452 649; x_wconf 79' lang='lat' dir='ltr'>var.</span> <span class='ocrx_word' id='word_1_55' title='bbox 1489 611 1639 648; x_wconf 89' lang='lat' dir='ltr'>lectio-</span> 
     </span>
     <span class='ocr_line' id='line_1_8' title="bbox 245 677 1636 729; baseline -0.002 -10"><span class='ocrx_word' id='word_1_56' title='bbox 245 695 346 719; x_wconf 85' lang='lat' dir='ltr'>num</span> <span class='ocrx_word' id='word_1_57' title='bbox 380 695 595 719; x_wconf 81' lang='lat' dir='ltr'>recensum</span> <span class='ocrx_word' id='word_1_58' title='bbox 630 679 732 717; x_wconf 76' lang='lat' dir='ltr'>mihi</span> <span class='ocrx_word' id='word_1_59' title='bbox 763 679 873 716; x_wconf 83' lang='lat' dir='ltr'>ultro</span> <span class='ocrx_word' id='word_1_60' title='bbox 907 679 1080 722; x_wconf 76' lang='lat' dir='ltr'>obtulit;</span> <span class='ocrx_word' id='word_1_61' title='bbox 1120 693 1221 729; x_wconf 81' lang='lat' dir='ltr'>qnae</span> <span class='ocrx_word' id='word_1_62' title='bbox 1250 693 1404 717; x_wconf 83' lang='lat' dir='ltr'>summa</span> <span class='ocrx_word' id='word_1_63' title='bbox 1436 681 1522 717; x_wconf 89' lang='lat' dir='ltr'>eius</span> <span class='ocrx_word' id='word_1_64' title='bbox 1554 677 1636 716; x_wconf 89' lang='lat' dir='ltr'>hu-</span> 
     </span>
     <span class='ocr_line' id='line_1_9' title="bbox 244 746 1213 799; baseline -0.005 -12"><span class='ocrx_word' id='word_1_65' title='bbox 244 749 415 787; x_wconf 80' lang='lat' dir='ltr'><strong>manitas</strong></span> <span class='ocrx_word' id='word_1_66' title='bbox 445 762 664 799; x_wconf 85' lang='lat' dir='ltr'>numquam</span> <span class='ocrx_word' id='word_1_67' title='bbox 696 761 748 784; x_wconf 82' lang='lat' dir='ltr'>ex</span> <span class='ocrx_word' id='word_1_68' title='bbox 778 747 912 784; x_wconf 87' lang='lat' dir='ltr'>animo</span> <span class='ocrx_word' id='word_1_69' title='bbox 944 760 1035 784; x_wconf 87' lang='lat' dir='ltr'>meo</span> <span class='ocrx_word' id='word_1_70' title='bbox 1068 746 1213 784; x_wconf 75' lang='lat' dir='ltr'>effluet.</span> 
     </span>
    </p>

    <p class='ocr_par' dir='ltr' id='par_1_3' title="bbox 244 815 1522 935">
     <span class='ocr_line' id='line_1_10' title="bbox 362 815 1244 863; baseline -0.006 -8"><span class='ocrx_word' id='word_1_71' title='bbox 362 831 420 855; x_wconf 89' lang='lat'>11.</span> <span class='ocrx_word' id='word_1_72' title='bbox 450 815 877 863; x_wconf 69' lang='lat' dir='ltr'>Sekla-zfleisclzianns</span> <span class='ocrx_word' id='word_1_73' title='bbox 899 828 928 850; x_wconf 92' lang='lat' dir='ltr'>s.</span> <span class='ocrx_word' id='word_1_74' title='bbox 967 815 1244 851; x_wconf 61' lang='lat' dir='ltr'>Vinariensis.</span> 
     </span>
     <span class='ocr_line' id='line_1_11' title="bbox 244 879 1522 935; baseline -0.004 -13"><span class='ocrx_word' id='word_1_75' title='bbox 244 884 340 923; x_wconf 84' lang='lat' dir='ltr'>Vid.</span> <span class='ocrx_word' id='word_1_76' title='bbox 376 897 476 935; x_wconf 85' lang='lat' dir='ltr'>quae</span> <span class='ocrx_word' id='word_1_77' title='bbox 503 881 610 920; x_wconf 82' lang='lat' dir='ltr'>infra</span> <span class='ocrx_word' id='word_1_78' title='bbox 643 882 684 919; x_wconf 87' lang='lat' dir='ltr'>in</span> <span class='ocrx_word' id='word_1_79' title='bbox 711 881 790 919; x_wconf 85' lang='lat' dir='ltr'>fine</span> <span class='ocrx_word' id='word_1_80' title='bbox 814 882 965 919; x_wconf 88' lang='lat' dir='ltr'>Indicis</span> <span class='ocrx_word' id='word_1_81' title='bbox 995 881 1124 918; x_wconf 87' lang='lat' dir='ltr'>Editt.</span> <span class='ocrx_word' id='word_1_82' title='bbox 1158 881 1299 918; x_wconf 87' lang='lat' dir='ltr'>Iuven.</span> <span class='ocrx_word' id='word_1_83' title='bbox 1330 879 1522 917; x_wconf 79' lang='lat' dir='ltr'><strong>dicemus.</strong></span> 
     </span>
    </p>

    <p class='ocr_par' dir='ltr' id='par_1_4' title="bbox 240 951 1636 1268">
     <span class='ocr_line' id='line_1_12' title="bbox 363 951 740 1001; baseline -0.008 -13"><span class='ocrx_word' id='word_1_84' title='bbox 363 963 423 988; x_wconf 84' lang='lat'>12.</span> <span class='ocrx_word' id='word_1_85' title='bbox 453 951 740 1001; x_wconf 69' lang='lat' dir='ltr'>Erlangen.5·is.</span> 
     </span>
     <span class='ocr_line' id='line_1_13' title="bbox 240 1014 1636 1066; baseline -0.004 -9"><span class='ocrx_word' id='word_1_86' title='bbox 240 1019 458 1057; x_wconf 79' lang='lat' dir='ltr'>Lectiones</span> <span class='ocrx_word' id='word_1_87' title='bbox 502 1016 621 1053; x_wconf 90' lang='lat' dir='ltr'>huius</span> <span class='ocrx_word' id='word_1_88' title='bbox 645 1015 796 1053; x_wconf 81' lang='lat' dir='ltr'>codicis</span> <span class='ocrx_word' id='word_1_89' title='bbox 830 1014 1106 1066; x_wconf 80' lang='lat' dir='ltr'>excerpendas</span> <span class='ocrx_word' id='word_1_90' title='bbox 1151 1014 1438 1065; x_wconf 79' lang='lat' dir='ltr'>benignissime</span> <span class='ocrx_word' id='word_1_91' title='bbox 1476 1014 1636 1052; x_wconf 79' lang='lat' dir='ltr'>curavit</span> 
     </span>
     <span class='ocr_line' id='line_1_14' title="bbox 241 1081 1633 1124; baseline -0.005 0"><span class='ocrx_word' id='word_1_92' title='bbox 241 1087 478 1124; x_wconf 67' lang='lat' dir='ltr'>Harlesizcs.</span> <span class='ocrx_word' id='word_1_93' title='bbox 538 1084 603 1120; x_wconf 89' lang='lat' dir='ltr'>De</span> <span class='ocrx_word' id='word_1_94' title='bbox 628 1089 799 1119; x_wconf 73' lang='lat' dir='ltr'>externa</span> <span class='ocrx_word' id='word_1_95' title='bbox 822 1084 907 1120; x_wconf 87' lang='lat' dir='ltr'>eins</span> <span class='ocrx_word' id='word_1_96' title='bbox 929 1082 1062 1120; x_wconf 78' lang='lat' dir='ltr'>forma</span> <span class='ocrx_word' id='word_1_97' title='bbox 1082 1095 1161 1119; x_wconf 82' lang='lat' dir='ltr'>non</span> <span class='ocrx_word' id='word_1_98' title='bbox 1187 1083 1340 1119; x_wconf 76' lang='lat' dir='ltr'>certior</span> <span class='ocrx_word' id='word_1_99' title='bbox 1362 1081 1492 1118; x_wconf 76' lang='lat' dir='ltr'>sactus</span> <span class='ocrx_word' id='word_1_100' title='bbox 1532 1095 1633 1118; x_wconf 73' lang='lat' dir='ltr'>suin.</span> 
     </span>
     <span class='ocr_line' id='line_1_15' title="bbox 244 1141 1635 1202; baseline -0.004 -12"><span class='ocrx_word' id='word_1_101' title='bbox 244 1153 366 1202; x_wconf 79' lang='lat' dir='ltr'>Quod</span> <span class='ocrx_word' id='word_1_102' title='bbox 399 1153 433 1189; x_wconf 89' lang='lat' dir='ltr'>si</span> <span class='ocrx_word' id='word_1_103' title='bbox 466 1157 599 1188; x_wconf 86' lang='lat' dir='ltr'>tamen</span> <span class='ocrx_word' id='word_1_104' title='bbox 632 1151 762 1187; x_wconf 81' lang='lat' dir='ltr'>omnis</span> <span class='ocrx_word' id='word_1_105' title='bbox 799 1150 908 1188; x_wconf 79' lang='lat' dir='ltr'>illius</span> <span class='ocrx_word' id='word_1_106' title='bbox 948 1150 1122 1187; x_wconf 61' lang='lat' dir='ltr'>varietas</span> <span class='ocrx_word' id='word_1_107' title='bbox 1150 1149 1365 1197; x_wconf 74' lang='lat' dir='ltr'>diligenter</span> <span class='ocrx_word' id='word_1_108' title='bbox 1399 1141 1538 1185; x_wconf 77' lang='lat' dir='ltr'>notata</span> <span class='ocrx_word' id='word_1_109' title='bbox 1564 1154 1635 1195; x_wconf 81' lang='lat' dir='ltr'>est,</span> 
     </span>
     <span class='ocr_line' id='line_1_16' title="bbox 240 1218 1270 1268; baseline -0.007 -9"><span class='ocrx_word' id='word_1_110' title='bbox 240 1221 407 1260; x_wconf 78' lang='lat' dir='ltr'>videtur</span> <span class='ocrx_word' id='word_1_111' title='bbox 430 1232 482 1256; x_wconf 76' lang='lat' dir='ltr'>ex</span> <span class='ocrx_word' id='word_1_112' title='bbox 512 1219 621 1255; x_wconf 80' lang='lat' dir='ltr'>bono</span> <span class='ocrx_word' id='word_1_113' title='bbox 647 1218 836 1268; x_wconf 77' lang='lat' dir='ltr'>exemplo</span> <span class='ocrx_word' id='word_1_114' title='bbox 859 1218 1146 1266; x_wconf 81' lang='lat' dir='ltr'>transscriptus</span> <span class='ocrx_word' id='word_1_115' title='bbox 1175 1230 1270 1253; x_wconf 82' lang='lat' dir='ltr'>esse.</span> 
     </span>
    </p>

    <p class='ocr_par' dir='ltr' id='par_1_5' title="bbox 234 1286 1633 2746">
     <span class='ocr_line' id='line_1_17' title="bbox 359 1286 673 1326; baseline -0.019 0"><span class='ocrx_word' id='word_1_116' title='bbox 359 1288 418 1326; x_wconf 79' lang='lat'>13.</span> <span class='ocrx_word' id='word_1_117' title='bbox 459 1286 673 1322; x_wconf 68' lang='lat' dir='ltr'>Ulmensis.</span> 
     </span>
     <span class='ocr_line' id='line_1_18' title="bbox 240 1351 1633 1405; baseline -0.005 -10"><span class='ocrx_word' id='word_1_118' title='bbox 240 1357 447 1405; x_wconf 85' lang='lat' dir='ltr'>Integram</span> <span class='ocrx_word' id='word_1_119' title='bbox 468 1352 589 1390; x_wconf 86' lang='lat' dir='ltr'>huius</span> <span class='ocrx_word' id='word_1_120' title='bbox 616 1351 781 1395; x_wconf 85' lang='lat' dir='ltr'>codicis,</span> <span class='ocrx_word' id='word_1_121' title='bbox 805 1351 924 1401; x_wconf 80' lang='lat' dir='ltr'>plane</span> <span class='ocrx_word' id='word_1_122' title='bbox 947 1351 1174 1401; x_wconf 76' lang='lat' dir='ltr'>singularis,</span> <span class='ocrx_word' id='word_1_123' title='bbox 1203 1352 1478 1389; x_wconf 74' lang='lat' dir='ltr'>recensionem</span> <span class='ocrx_word' id='word_1_124' title='bbox 1504 1351 1633 1388; x_wconf 85' lang='lat' dir='ltr'>debeo</span> 
     </span>
     <span class='ocr_line' id='line_1_19' title="bbox 239 1417 1632 1469; baseline -0.004 -9"><span class='ocrx_word' id='word_1_125' title='bbox 239 1420 483 1462; x_wconf 82' lang='lat' dir='ltr'>humanitati</span> <span class='ocrx_word' id='word_1_126' title='bbox 499 1420 804 1469; x_wconf 76' lang='lat' dir='ltr'>Veesenmeyez·i</span> <span class='ocrx_word' id='word_1_127' title='bbox 824 1417 1060 1455; x_wconf 81' lang='lat' dir='ltr'>Pros.Ulm.</span> <span class='ocrx_word' id='word_1_128' title='bbox 1081 1419 1149 1469; x_wconf 84' lang='lat' dir='ltr'>qui</span> <span class='ocrx_word' id='word_1_129' title='bbox 1170 1419 1248 1455; x_wconf 81' lang='lat' dir='ltr'>iam</span> <span class='ocrx_word' id='word_1_130' title='bbox 1272 1419 1493 1469; x_wconf 75' lang='lat' dir='ltr'>specimina</span> <span class='ocrx_word' id='word_1_131' title='bbox 1508 1432 1632 1469; x_wconf 84' lang='lat' dir='ltr'>quae-</span> 
     </span>
     <span class='ocr_line' id='line_1_20' title="bbox 241 1485 1631 1535; baseline -0.002 -9"><span class='ocrx_word' id='word_1_132' title='bbox 241 1491 334 1528; x_wconf 85' lang='lat' dir='ltr'>dam</span> <span class='ocrx_word' id='word_1_133' title='bbox 363 1488 588 1526; x_wconf 83' lang='lat' dir='ltr'>lectionum</span> <span class='ocrx_word' id='word_1_134' title='bbox 627 1486 712 1523; x_wconf 85' lang='lat' dir='ltr'>eius</span> <span class='ocrx_word' id='word_1_135' title='bbox 749 1499 830 1522; x_wconf 81' lang='lat' dir='ltr'>var.</span> <span class='ocrx_word' id='word_1_136' title='bbox 872 1485 1054 1522; x_wconf 79' lang='lat' dir='ltr'>ediderat</span> <span class='ocrx_word' id='word_1_137' title='bbox 1081 1501 1111 1522; x_wconf 80' lang='lat' dir='ltr'>a.</span> <span class='ocrx_word' id='word_1_138' title='bbox 1153 1486 1254 1535; x_wconf 75' lang='lat'>1793</span> <span class='ocrx_word' id='word_1_139' title='bbox 1291 1486 1332 1522; x_wconf 86' lang='lat' dir='ltr'>in</span> <span class='ocrx_word' id='word_1_140' title='bbox 1367 1485 1631 1523; x_wconf 68' lang='lat' dir='ltr'>Commentat.</span> 
     </span>
     <span class='ocr_line' id='line_1_21' title="bbox 239 1552 1631 1595; baseline -0.004 0"><span class='ocrx_word' id='word_1_141' title='bbox 239 1555 633 1595; x_wconf 71' lang='lat' dir='ltr'>historico-critica</span> <span class='ocrx_word' id='word_1_142' title='bbox 668 1552 715 1589; x_wconf 78' lang='lat' dir='ltr'>de</span> <span class='ocrx_word' id='word_1_143' title='bbox 750 1553 896 1590; x_wconf 75' lang='lat' dir='ltr'>Codice</span> <span class='ocrx_word' id='word_1_144' title='bbox 931 1553 1023 1589; x_wconf 79' lang='lat' dir='ltr'>MS,</span> <span class='ocrx_word' id='word_1_145' title='bbox 1064 1553 1276 1589; x_wconf 68' lang='lat' dir='ltr'>Iuvenalis</span> <span class='ocrx_word' id='word_1_146' title='bbox 1318 1553 1480 1589; x_wconf 67' lang='lat' dir='ltr'>Sam-as</span> <span class='ocrx_word' id='word_1_147' title='bbox 1521 1566 1631 1589; x_wconf 82' lang='lat' dir='ltr'>com—</span> 
     </span>
     <span class='ocr_line' id='line_1_22' title="bbox 239 1619 1631 1676; baseline -0.004 -14"><span class='ocrx_word' id='word_1_148' title='bbox 239 1626 462 1676; x_wconf 76' lang='lat' dir='ltr'>plectente,</span> <span class='ocrx_word' id='word_1_149' title='bbox 494 1626 535 1658; x_wconf 88' lang='lat' dir='ltr'>et</span> <span class='ocrx_word' id='word_1_150' title='bbox 553 1619 730 1657; x_wconf 87' lang='lat' dir='ltr'>indolem</span> <span class='ocrx_word' id='word_1_151' title='bbox 769 1619 878 1656; x_wconf 87' lang='lat' dir='ltr'>illius</span> <span class='ocrx_word' id='word_1_152' title='bbox 911 1619 973 1657; x_wconf 84' lang='lat' dir='ltr'>his</span> <span class='ocrx_word' id='word_1_153' title='bbox 1006 1621 1139 1656; x_wconf 76' lang='lat' dir='ltr'>verbis</span> <span class='ocrx_word' id='word_1_154' title='bbox 1164 1619 1456 1670; x_wconf 67' lang='lat' dir='ltr'>descripserat:</span> <span class='ocrx_word' id='word_1_155' title='bbox 1514 1619 1631 1667; x_wconf 80' lang='lat' dir='ltr'>„Ad-</span> 
     </span>
     <span class='ocr_line' id='line_1_23' title="bbox 240 1685 1629 1739; baseline -0.004 -9"><span class='ocrx_word' id='word_1_156' title='bbox 240 1697 446 1737; x_wconf 81' lang='lat' dir='ltr'>servatur,</span> <span class='ocrx_word' id='word_1_157' title='bbox 478 1701 599 1739; x_wconf 86' lang='lat' dir='ltr'>quem</span> <span class='ocrx_word' id='word_1_158' title='bbox 635 1686 838 1734; x_wconf 76' lang='lat' dir='ltr'>diximus,</span> <span class='ocrx_word' id='word_1_159' title='bbox 880 1687 1023 1724; x_wconf 76' lang='lat' dir='ltr'>Codex</span> <span class='ocrx_word' id='word_1_160' title='bbox 1054 1688 1094 1724; x_wconf 86' lang='lat' dir='ltr'>in</span> <span class='ocrx_word' id='word_1_161' title='bbox 1127 1685 1396 1734; x_wconf 72' lang='lat' dir='ltr'>bibliotheca,</span> <span class='ocrx_word' id='word_1_162' title='bbox 1444 1700 1544 1738; x_wconf 83' lang='lat' dir='ltr'>quae</span> <span class='ocrx_word' id='word_1_163' title='bbox 1581 1687 1629 1724; x_wconf 87' lang='lat' dir='ltr'>ab</span> 
     </span>
     <span class='ocr_line' id='line_1_24' title="bbox 239 1752 1632 1804; baseline -0.004 -7"><span class='ocrx_word' id='word_1_164' title='bbox 239 1758 392 1797; x_wconf 66' lang='lat' dir='ltr'>iilustri</span> <span class='ocrx_word' id='word_1_165' title='bbox 437 1755 788 1793; x_wconf 83' lang='lat' dir='ltr'>Schermariorum</span> <span class='ocrx_word' id='word_1_166' title='bbox 821 1761 940 1804; x_wconf 82' lang='lat' dir='ltr'>gente</span> <span class='ocrx_word' id='word_1_167' title='bbox 976 1767 1122 1792; x_wconf 80' lang='lat' dir='ltr'>nomen</span> <span class='ocrx_word' id='word_1_168' title='bbox 1160 1752 1301 1798; x_wconf 80' lang='lat' dir='ltr'>habet,</span> <span class='ocrx_word' id='word_1_169' title='bbox 1355 1760 1396 1791; x_wconf 86' lang='lat' dir='ltr'>ct</span> <span class='ocrx_word' id='word_1_170' title='bbox 1440 1754 1632 1791; x_wconf 77' lang='lat' dir='ltr'>conditur</span> 
     </span>
     <span class='ocr_line' id='line_1_25' title="bbox 239 1820 1631 1872; baseline -0.005 -8"><span class='ocrx_word' id='word_1_171' title='bbox 239 1827 285 1864; x_wconf 85' lang='lat' dir='ltr'>in</span> <span class='ocrx_word' id='word_1_172' title='bbox 314 1824 480 1862; x_wconf 84' lang='lat' dir='ltr'>editiori</span> <span class='ocrx_word' id='word_1_173' title='bbox 515 1823 662 1860; x_wconf 85' lang='lat' dir='ltr'>summi</span> <span class='ocrx_word' id='word_1_174' title='bbox 702 1822 845 1872; x_wconf 77' lang='lat' dir='ltr'>templi</span> <span class='ocrx_word' id='word_1_175' title='bbox 880 1822 1052 1858; x_wconf 82' lang='lat' dir='ltr'>fornice.</span> <span class='ocrx_word' id='word_1_176' title='bbox 1123 1820 1316 1857; x_wconf 84' lang='lat' dir='ltr'>Continet</span> <span class='ocrx_word' id='word_1_177' title='bbox 1356 1827 1519 1871; x_wconf 85' lang='lat' dir='ltr'>praeter</span> <span class='ocrx_word' id='word_1_178' title='bbox 1558 1822 1631 1858; x_wconf 89' lang='lat' dir='ltr'>Iu-</span> 
     </span>
     <span class='ocr_line' id='line_1_26' title="bbox 237 1887 1631 1937; baseline -0.004 -7"><span class='ocrx_word' id='word_1_179' title='bbox 237 1892 393 1930; x_wconf 73' lang='lat' dir='ltr'>venalis</span> <span class='ocrx_word' id='word_1_180' title='bbox 426 1890 565 1926; x_wconf 80' lang='lat' dir='ltr'>satiras</span> <span class='ocrx_word' id='word_1_181' title='bbox 591 1889 712 1925; x_wconf 84' lang='lat' dir='ltr'>ctiam</span> <span class='ocrx_word' id='word_1_182' title='bbox 746 1888 909 1925; x_wconf 78' lang='lat' dir='ltr'>Horatii</span> <span class='ocrx_word' id='word_1_183' title='bbox 937 1887 1150 1937; x_wconf 78' lang='lat' dir='ltr'>epistolas,</span> <span class='ocrx_word' id='word_1_184' title='bbox 1181 1893 1354 1937; x_wconf 76' lang='lat' dir='ltr'>excepta</span> <span class='ocrx_word' id='word_1_185' title='bbox 1385 1888 1454 1924; x_wconf 82' lang='lat' dir='ltr'>iila</span> <span class='ocrx_word' id='word_1_186' title='bbox 1483 1887 1533 1924; x_wconf 82' lang='lat' dir='ltr'>ad</span> <span class='ocrx_word' id='word_1_187' title='bbox 1557 1887 1631 1925; x_wconf 90' lang='lat' dir='ltr'>Pi-</span> 
     </span>
     <span class='ocr_line' id='line_1_27' title="bbox 239 1953 1630 2007; baseline -0.003 -11"><span class='ocrx_word' id='word_1_188' title='bbox 239 1966 358 1996; x_wconf 86' lang='lat' dir='ltr'>sones</span> <span class='ocrx_word' id='word_1_189' title='bbox 391 1956 562 2007; x_wconf 80' lang='lat' dir='ltr'>scripta,</span> <span class='ocrx_word' id='word_1_190' title='bbox 604 1960 646 1991; x_wconf 83' lang='lat' dir='ltr'>et</span> <span class='ocrx_word' id='word_1_191' title='bbox 676 1954 868 2005; x_wconf 55' lang='lat' dir='ltr'>Pro-speri</span> <span class='ocrx_word' id='word_1_192' title='bbox 899 1954 1134 2004; x_wconf 82' lang='lat' dir='ltr'>Aquitanici</span> <span class='ocrx_word' id='word_1_193' title='bbox 1166 1953 1384 1991; x_wconf 81' lang='lat' dir='ltr'>Poematia.</span> <span class='ocrx_word' id='word_1_194' title='bbox 1444 1955 1630 2006; x_wconf 86' lang='lat' dir='ltr'>Scriptus</span> 
     </span>
     <span class='ocr_line' id='line_1_28' title="bbox 236 2021 1628 2076; baseline -0.003 -13"><span class='ocrx_word' id='word_1_195' title='bbox 236 2026 282 2064; x_wconf 89' lang='lat' dir='ltr'>in</span> <span class='ocrx_word' id='word_1_196' title='bbox 314 2036 556 2076; x_wconf 84' lang='lat' dir='ltr'>pergamena</span> <span class='ocrx_word' id='word_1_197' title='bbox 597 2021 737 2059; x_wconf 83' lang='lat' dir='ltr'>charta</span> <span class='ocrx_word' id='word_1_198' title='bbox 782 2029 823 2059; x_wconf 87' lang='lat' dir='ltr'>et</span> <span class='ocrx_word' id='word_1_199' title='bbox 862 2021 1012 2067; x_wconf 81' lang='lat' dir='ltr'>forma,</span> <span class='ocrx_word' id='word_1_200' title='bbox 1063 2033 1180 2071; x_wconf 86' lang='lat' dir='ltr'>quam</span> <span class='ocrx_word' id='word_1_201' title='bbox 1217 2027 1401 2058; x_wconf 78' lang='lat' dir='ltr'>octavam</span> <span class='ocrx_word' id='word_1_202' title='bbox 1434 2022 1628 2060; x_wconf 77' lang='lat' dir='ltr'>maiorem</span> 
     </span>
     <span class='ocr_line' id='line_1_29' title="bbox 238 2088 1629 2140; baseline -0.002 -10"><span class='ocrx_word' id='word_1_203' title='bbox 238 2092 471 2138; x_wconf 82' lang='lat' dir='ltr'>nominant,</span> <span class='ocrx_word' id='word_1_204' title='bbox 502 2089 767 2140; x_wconf 86' lang='lat' dir='ltr'>complicatus</span> <span class='ocrx_word' id='word_1_205' title='bbox 790 2094 947 2126; x_wconf 83' lang='lat' dir='ltr'>constat</span> <span class='ocrx_word' id='word_1_206' title='bbox 964 2088 1089 2126; x_wconf 89' lang='lat' dir='ltr'>LXV</span> <span class='ocrx_word' id='word_1_207' title='bbox 1110 2088 1242 2135; x_wconf 83' lang='lat' dir='ltr'>soliis,</span> <span class='ocrx_word' id='word_1_208' title='bbox 1274 2102 1446 2139; x_wconf 82' lang='lat' dir='ltr'>quorum</span> <span class='ocrx_word' id='word_1_209' title='bbox 1474 2089 1629 2127; x_wconf 87' lang='lat' dir='ltr'>XXIII</span> 
     </span>
     <span class='ocr_line' id='line_1_30' title="bbox 237 2155 1630 2205; baseline -0.003 -7"><span class='ocrx_word' id='word_1_210' title='bbox 237 2159 473 2199; x_wconf 81' lang='lat' dir='ltr'>Iuvenalem</span> <span class='ocrx_word' id='word_1_211' title='bbox 515 2155 724 2194; x_wconf 79' lang='lat' dir='ltr'>exhibent.</span> <span class='ocrx_word' id='word_1_212' title='bbox 786 2156 879 2205; x_wconf 80' lang='lat' dir='ltr'>Quo</span> <span class='ocrx_word' id='word_1_213' title='bbox 931 2169 1036 2193; x_wconf 87' lang='lat' dir='ltr'>anno</span> <span class='ocrx_word' id='word_1_214' title='bbox 1068 2157 1120 2193; x_wconf 88' lang='lat' dir='ltr'>sit</span> <span class='ocrx_word' id='word_1_215' title='bbox 1153 2162 1361 2203; x_wconf 78' lang='lat' dir='ltr'>exaratus,</span> <span class='ocrx_word' id='word_1_216' title='bbox 1400 2168 1482 2193; x_wconf 84' lang='lat' dir='ltr'>non</span> <span class='ocrx_word' id='word_1_217' title='bbox 1514 2156 1630 2194; x_wconf 81' lang='lat' dir='ltr'>adest</span> 
     </span>
     <span class='ocr_line' id='line_1_31' title="bbox 237 2222 1628 2274; baseline -0.004 -9"><span class='ocrx_word' id='word_1_218' title='bbox 237 2233 397 2265; x_wconf 87' lang='lat' dir='ltr'>certum</span> <span class='ocrx_word' id='word_1_219' title='bbox 426 2224 642 2271; x_wconf 74' lang='lat' dir='ltr'>indicium,</span> <span class='ocrx_word' id='word_1_220' title='bbox 705 2223 776 2261; x_wconf 86' lang='lat' dir='ltr'>sed</span> <span class='ocrx_word' id='word_1_221' title='bbox 806 2228 898 2260; x_wconf 79' lang='lat' dir='ltr'>ante</span> <span class='ocrx_word' id='word_1_222' title='bbox 934 2222 1113 2260; x_wconf 80' lang='lat' dir='ltr'>medium</span> <span class='ocrx_word' id='word_1_223' title='bbox 1148 2223 1258 2260; x_wconf 81' lang='lat' dir='ltr'>saec.</span> <span class='ocrx_word' id='word_1_224' title='bbox 1299 2223 1395 2260; x_wconf 85' lang='lat' dir='ltr'>XV.</span> <span class='ocrx_word' id='word_1_225' title='bbox 1429 2223 1628 2274; x_wconf 82' lang='lat' dir='ltr'>scriptum</span> 
     </span>
     <span class='ocr_line' id='line_1_32' title="bbox 237 2290 1626 2340; baseline -0.003 -8"><span class='ocrx_word' id='word_1_226' title='bbox 237 2295 385 2340; x_wconf 76' lang='lat' dir='ltr'>fuisse,</span> <span class='ocrx_word' id='word_1_227' title='bbox 417 2298 458 2329; x_wconf 91' lang='lat' dir='ltr'>et</span> <span class='ocrx_word' id='word_1_228' title='bbox 476 2292 691 2329; x_wconf 85' lang='lat' dir='ltr'>literarum</span> <span class='ocrx_word' id='word_1_229' title='bbox 725 2291 871 2328; x_wconf 88' lang='lat' dir='ltr'>ductus</span> <span class='ocrx_word' id='word_1_230' title='bbox 909 2290 1111 2334; x_wconf 80' lang='lat' dir='ltr'>ostendit,</span> <span class='ocrx_word' id='word_1_231' title='bbox 1145 2296 1186 2327; x_wconf 86' lang='lat' dir='ltr'>et</span> <span class='ocrx_word' id='word_1_232' title='bbox 1210 2290 1364 2327; x_wconf 85' lang='lat' dir='ltr'>indicat</span> <span class='ocrx_word' id='word_1_233' title='bbox 1383 2292 1626 2340; x_wconf 79' lang='lat' dir='ltr'>possessoris</span> 
     </span>
     <span class='ocr_line' id='line_1_33' title="bbox 234 2355 1627 2409; baseline -0.003 -10"><span class='ocrx_word' id='word_1_234' title='bbox 234 2374 398 2400; x_wconf 88' lang='lat' dir='ltr'>nomen.</span> <span class='ocrx_word' id='word_1_235' title='bbox 454 2359 623 2396; x_wconf 81' lang='lat' dir='ltr'>Literae</span> <span class='ocrx_word' id='word_1_236' title='bbox 644 2363 739 2396; x_wconf 84' lang='lat' dir='ltr'>sunt</span> <span class='ocrx_word' id='word_1_237' title='bbox 764 2358 1016 2396; x_wconf 77' lang='lat' dir='ltr'>minusculae</span> <span class='ocrx_word' id='word_1_238' title='bbox 1050 2355 1402 2406; x_wconf 82' lang='lat' dir='ltr'>Longobardicae‚</span> <span class='ocrx_word' id='word_1_239' title='bbox 1430 2357 1627 2409; x_wconf 79' lang='lat' dir='ltr'>frequen-</span> 
     </span>
     <span class='ocr_line' id='line_1_34' title="bbox 235 2423 1626 2476; baseline -0.003 -11"><span class='ocrx_word' id='word_1_240' title='bbox 235 2428 369 2474; x_wconf 77' lang='lat' dir='ltr'>tibus,</span> <span class='ocrx_word' id='word_1_241' title='bbox 397 2426 467 2464; x_wconf 83' lang='lat' dir='ltr'>sed</span> <span class='ocrx_word' id='word_1_242' title='bbox 497 2427 698 2464; x_wconf 84' lang='lat' dir='ltr'>constanti</span> <span class='ocrx_word' id='word_1_243' title='bbox 729 2425 887 2463; x_wconf 80' lang='lat' dir='ltr'>ratione</span> <span class='ocrx_word' id='word_1_244' title='bbox 910 2425 1029 2476; x_wconf 84' lang='lat' dir='ltr'>pictis</span> <span class='ocrx_word' id='word_1_245' title='bbox 1053 2437 1201 2460; x_wconf 69' lang='lat' dir='ltr'>vocum</span> <span class='ocrx_word' id='word_1_246' title='bbox 1226 2423 1489 2474; x_wconf 81' lang='lat' dir='ltr'>compendiis.</span> <span class='ocrx_word' id='word_1_247' title='bbox 1543 2423 1626 2461; x_wconf 85' lang='lat' dir='ltr'>Di·-</span> 
     </span>
     <span class='ocr_line' id='line_1_35' title="bbox 235 2490 1624 2542; baseline -0.001 -11"><span class='ocrx_word' id='word_1_248' title='bbox 235 2490 464 2532; x_wconf 81' lang='lat' dir='ltr'>stinctionis</span> <span class='ocrx_word' id='word_1_249' title='bbox 520 2499 641 2530; x_wconf 87' lang='lat' dir='ltr'>notae</span> <span class='ocrx_word' id='word_1_250' title='bbox 708 2493 843 2531; x_wconf 78' lang='lat' dir='ltr'>nullae</span> <span class='ocrx_word' id='word_1_251' title='bbox 900 2496 1134 2542; x_wconf 85' lang='lat' dir='ltr'>comparent</span> <span class='ocrx_word' id='word_1_252' title='bbox 1195 2496 1359 2541; x_wconf 79' lang='lat' dir='ltr'>praeter</span> <span class='ocrx_word' id='word_1_253' title='bbox 1411 2497 1624 2541; x_wconf 88' lang='lat' dir='ltr'>punctum,</span> 
     </span>
     <span class='ocr_line' id='line_1_36' title="bbox 236 2548 1626 2611; baseline -0.003 -12"><span class='ocrx_word' id='word_1_254' title='bbox 236 2575 396 2599; x_wconf 86' lang='lat' dir='ltr'>comma</span> <span class='ocrx_word' id='word_1_255' title='bbox 421 2566 462 2598; x_wconf 85' lang='lat' dir='ltr'>et</span> <span class='ocrx_word' id='word_1_256' title='bbox 491 2548 825 2611; x_wconf 74' lang='lat' dir='ltr'>interi-ogationis</span> <span class='ocrx_word' id='word_1_257' title='bbox 863 2560 1033 2609; x_wconf 78' lang='lat' dir='ltr'>siguum.</span> <span class='ocrx_word' id='word_1_258' title='bbox 1060 2581 1115 2589; x_wconf 91' lang='lat'>—-</span> <span class='ocrx_word' id='word_1_259' title='bbox 1175 2557 1240 2595; x_wconf 90' lang='lat' dir='ltr'>Dc</span> <span class='ocrx_word' id='word_1_260' title='bbox 1274 2557 1433 2595; x_wconf 79' lang='lat' dir='ltr'>interna</span> <span class='ocrx_word' id='word_1_261' title='bbox 1463 2557 1626 2595; x_wconf 78' lang='lat' dir='ltr'>Codicis</span> 
     </span>
     <span class='ocr_line' id='line_1_37' title="bbox 235 2625 1626 2680; baseline -0.002 -14"><span class='ocrx_word' id='word_1_262' title='bbox 235 2629 395 2667; x_wconf 85' lang='lat' dir='ltr'>ratione</span> <span class='ocrx_word' id='word_1_263' title='bbox 428 2628 472 2665; x_wconf 91' lang='lat' dir='ltr'>in</span> <span class='ocrx_word' id='word_1_264' title='bbox 529 2627 769 2665; x_wconf 86' lang='lat' dir='ltr'>universum</span> <span class='ocrx_word' id='word_1_265' title='bbox 806 2626 1138 2680; x_wconf 76' lang='lat' dir='ltr'>praecipiendum</span> <span class='ocrx_word' id='word_1_266' title='bbox 1173 2625 1362 2672; x_wconf 77' lang='lat' dir='ltr'>videtur,</span> <span class='ocrx_word' id='word_1_267' title='bbox 1416 2639 1509 2662; x_wconf 85' lang='lat' dir='ltr'>enm</span> <span class='ocrx_word' id='word_1_268' title='bbox 1539 2639 1626 2663; x_wconf 82' lang='lat' dir='ltr'>csse</span> 
     </span>
     <span class='ocr_line' id='line_1_38' title="bbox 237 2691 1627 2746; baseline -0.002 -13"><span class='ocrx_word' id='word_1_269' title='bbox 237 2709 322 2734; x_wconf 85' lang='lat' dir='ltr'>non</span> <span class='ocrx_word' id='word_1_270' title='bbox 354 2695 478 2745; x_wconf 90' lang='lat' dir='ltr'>magis</span> <span class='ocrx_word' id='word_1_271' title='bbox 521 2695 729 2742; x_wconf 82' lang='lat' dir='ltr'>bonitate,</span> <span class='ocrx_word' id='word_1_272' title='bbox 759 2709 879 2746; x_wconf 86' lang='lat' dir='ltr'>quam</span> <span class='ocrx_word' id='word_1_273' title='bbox 911 2693 1212 2744; x_wconf 78' lang='lat' dir='ltr'>singularitate,</span> <span class='ocrx_word' id='word_1_274' title='bbox 1254 2694 1288 2730; x_wconf 86' lang='lat' dir='ltr'>si</span> <span class='ocrx_word' id='word_1_275' title='bbox 1315 2693 1372 2730; x_wconf 90' lang='lat' dir='ltr'>ita</span> <span class='ocrx_word' id='word_1_276' title='bbox 1399 2692 1536 2731; x_wconf 75' lang='lat' dir='ltr'>dicere</span> <span class='ocrx_word' id='word_1_277' title='bbox 1565 2691 1627 2730; x_wconf 83' lang='lat' dir='ltr'>sas</span> 
     </span>
    </p>
   </div>
  </div>
 </body>
</html>
