1759 3029
447 96 537 139 AD
582 94 715 135 SAT.
771 93 843 144 VJ,
876 92 972 144 276.
1021 92 1119 137 545.
1397 90 1480 143 529

495 212 532 252 Ε
573 211 618 250 Χ
657 209 690 247 c
729 210 771 249 v
808 207 849 246 R
888 208 915 245 s
959 206 1001 246 v
1042 208 1069 245 s

593 309 652 346 ad
677 308 763 345 Sat.
788 307 863 354 VI,
886 295 980 355 2‘76.

207 401 345 438 Locus
385 400 580 438 obscurus
622 404 663 436 et
700 411 722 435 a
758 396 938 435 librariis
981 394 1093 433 sorte
1131 400 1365 445 corruptus.
1395 407 1485 432 cor-

96 482 197 506 raca
229 467 288 506 16.
321 469 386 506 48.
418 482 568 505 cornea
597 467 662 504 23.
692 480 846 503 caruca
881 465 941 502 13.
993 462 1164 500 Rectius
1192 462 1331 499 forsan
1362 477 1488 500 οιινιι-
1509 512 1523 516 .,

96 551 147 573 ca
180 548 352 584 17-22.
383 538 449 573 24.
486 537 548 586 59.
583 535 647 573 60.
679 534 748 572 vel
780 545 956 570 curruca
986 542 1023 567 2.
1055 531 1093 568 3.
1126 530 1162 568 5.
1201 544 1247 568 10
1269 553 1300 559 -
1332 543 1391 569 12.
1429 532 1491 570 14.

100 604 162 642 15.
196 605 261 641 25.
294 605 345 642 45
366 628 403 633 -v
424 605 488 652 47.
519 605 583 641 50.
623 603 686 640 54.
723 601 900 638 56-ν58.
932 598 996 636 64.
1030 598 1093 636 68.
1133 611 1197 648 70.
1236 600 1297 643 74.
1332 611 1394 648 77.
1426 602 1492 640 81.

102 673 166 709 82.
226 671 386 709 Neutra
432 685 528 709 vero
568 684 653 707 vox
690 668 788 706 alibi
821 667 1040 718 reperitur,
1077 672 1118 703 et
1146 666 1342 704 barbarae
1372 669 1492 707 vide·-

98 738 250 777 bantur
285 740 446 776 Alciato
488 739 650 787 Parerg.
691 738 784 774 Iur.'
816 736 912 783 VII,
943 735 979 772 5.
1025 735 1097 786 qui
1138 735 1205 772 vel
1244 738 1396 782 urtica,
1426 737 1496 775 vel

100 820 193 844 cum
237 807 324 843 aliis
375 821 498 843 eruca
537 804 822 856 reponendum
877 803 1078 840 censebat.
1128 818 1252 840 eruca
1294 803 1342 841 61
1366 827 1401 831 *w
1427 805 1495 846 65.

103 873 154 910 65
182 898 198 902 «-
217 873 280 921 67.
314 874 377 925 69.
412 886 458 922 71
477 895 527 900 —
546 874 607 921 75.
666 872 730 909 Ita
771 871 925 909 dicitur
954 872 1156 908 insuetum
1198 872 1500 922 parvissimum,

101 940 298 978 brassicas
329 940 559 993 depascens,
588 941 661 978 Gr.
691 935 845 992 κάμπη,
880 938 1021 976 Germ.
1053 940 1228 989 Raupe;
1254 952 1339 977 11011
1366 954 1502 980 uruca

103 1008 173 1046 vel
204 1007 381 1052 hur-aea,
412 1023 511 1059 quae
528 1015 665 1046 tamen
697 1008 926 1058 scripturae
956 1007 996 1043 111
1027 1006 1270 1057 quibusdam
1286 1008 1401 1046 libris
1427 1009 1501 1047 Iu.-

103 1075 270 1124 venalis‚
304 1081 348 1113 ut
380 1081 421 1112 ct
452 1074 704 1112 Columellae
732 1075 999 1125 aliorumque,
1030 1075 1310 1125 reperiuntur.
1370 1091 1504 1116 uruca

110 1155 144 1182 1.
175 1144 236 1191 75.
271 1143 335 1192 76.
368 1143 528 1181 hur-nea
560 1144 624 1195 49.
656 1143 719 1180 55.
779 1142 943 1179 Vellem
970 1147 1107 1179 tamen
1135 1141 1320 1179 Alciatus
1349 1145 1506 1182 verbo-

106 1223 200 1248 rum
230 1211 352 1249 simul
378 1211 561 1255 illorum,
594 1224 696 1261 quae
728 1208 954 1256 substituit,
990 1209 1233 1246 sententiam
1275 1209 1506 1261 adiecisset,

110 1291 229 1329 quam
268 1277 378 1315 haud
416 1278 537 1316 facile
590 1277 810 1329 expedia53
868 1276 949 1314 nisi
986 1276 1097 1313 sorte
1137 1276 1346 1315 hominem
1385 1278 1510 1318 nihili

109 1346 386 1397 stolidumque
418 1360 585 1383 erucam
612 1346 752 1383 vocari
778 1357 940 1383 censeas
955 1373 966 1392 ,
1007 1344 1353 1395 quemadmodum
1382 1347 1511 1385 Plau—-

112 1419 179 1452 tus
210 1414 334 1452 True.
368 1414 421 1462 V,
448 1415 484 1462 5,
514 1414 578 1452 5ο.
610 1427 782 1464 campas
817 1426 894 1464 pro
923 1415 1051 1464 nugis
1076 1412 1242 1450 dixerit.
1275 1435 1330 1441 —
1360 1429 1511 1453 cucur-

113 1497 162 1520 ra
193 1496 223 1520 s.
257 1495 427 1519 cocurra
455 1480 613 1519 emend.
658 1481 836 1518 Scriver.
872 1485 914 1517 et
944 1481 1003 1516 sie
1032 1494 1054 1516 a
1079 1479 1236 1517 Carisio
1264 1480 1304 1518 h.
1335 1481 1361 1519 l.
1392 1483 1514 1521 citari

112 1555 268 1587 monet.
299 1550 431 1586 Vetus
463 1547 648 1585 scholion
674 1546 714 1584 11.
744 1547 770 1584 ].
797 1553 877 1584 est:
924 1548 1100 1594 „Urnea
1121 1548 1333 1598 mimologi
1355 1550 1514 1601 stupidi

112 1631 264 1655 nomen
298 1616 434 1663 finxit,
465 1616 560 1667 quia
590 1615 721 1652 ferme
754 1614 867 1666 quasi
898 1613 1142 1664 frequenter
1173 1614 1333 1654 fallitur
1343 1645 1354 1665 ,
1385 1631 1514 1669 quum

116 1685 199 1736 agit
229 1697 442 1737 personam
476 1682 636 1722 mar³ti:
694 1681 788 1731 (aut
829 1695 883 1718 ex
913 1681 1114 1718 emendat.
1147 1680 1360 1731 Schurzss.,
1391 1685 1462 1736 qui
1492 1699 1516 1723 a

116 1752 270 1793 semina
299 1766 371 1790 sua
400 1751 456 1788 sic
486 1750 727 1801 frequenter
758 1749 941 1796 fallitur,
986 1761 1112 1800 quum
1150 1748 1340 1789 adsciscit
1369 1765 1518 1802 perso-

117 1834 212 1860 nam
253 1820 413 1868 mariti)
442 1818 521 1865 vel,
551 1823 597 1854 ut
624 1817 694 1855 alii
725 1816 880 1863 dicunt,
920 1829 1045 1866 genus
1085 1822 1147 1854 est
1175 1818 1359 1856 animalis
1391 1819 1518 1869 foedi,

120 1888 287 1940 spinosi,
313 1893 360 1924 ut
390 1885 553 1924 ericius.
618 1885 758 1922 Uraca
792 1889 931 1921 autem
962 1889 1024 1920 est
1052 1884 1221 1936 proprie
1260 1885 1377 1929 illud,
1407 1886 1520 1938 quod

121 1955 167 1994 in
194 1955 289 1993 saba
311 1954 507 2002 nascitur⁷
549 1958 598 1990 ut
626 1952 854 2003 gurgulio.“
884 1950 1005 1989 Cous.
1036 1950 1243 1990 Stewech.
1275 1952 1324 1990 ad
1353 1954 1524 2005 Apuleii

122 2023 295 2075 Apolog.
325 2036 365 2073 p.
397 2022 490 2072 495.
549 2020 715 2058 Salmas.
743 2019 895 2060 Exere.
927 2018 1033 2057 Plin.
1063 2033 1103 2072 p.
1136 2020 1230 2075 893.
1260 2026 1303 2060 et
1332 2020 1383 2060 ad
1411 2021 1521 2060 Ter-

124 2090 214 2129 tull.
243 2090 342 2130 Pan.
382 2104 421 2142 p.
456 2090 546 2139 187.

542 2243 1107 2284 EXCVRSVS

618 2348 678 2387 ad
709 2347 795 2385 Sat.
834 2346 912 2391 VI,
951 2346 1046 2385 343.

246 2436 510 2487 Simpzwz‘um
554 2437 721 2491 restitui
759 2449 813 2474 ex
855 2449 887 2475 1.
927 2447 988 2473 10.
1034 2447 1231 2484 17—20.
1263 2436 1328 2474 24.
1365 2435 1431 2475 68.
1462 2438 1527 2489 69.

139 2517 185 2556 71
202 2525 251 2534 ·-
272 2505 334 2554 73.
365 2516 467 2555 quae
501 2504 706 2556 scriptura
733 2504 856 2541 etiam
891 2503 1099 2553 reperitur
1127 2503 1171 2540 in
1200 2503 1304 2541 Plin.
1341 2504 1530 2554 XXXV,

140 2585 204 2612 12.
235 2586 263 2610 s.
293 2571 358 2608 46.
388 2569 472 2608 Cic.
501 2585 562 2622 ap.
597 2571 707 2609 Non.
751 2572 786 2609 4.
826 2583 865 2608 n.
900 2571 994 2608 454.
1035 2576 1076 2607 et
1105 2571 1225 2609 Varr.
1259 2571 1358 2609 ibid.
1400 2573 1460 2610 15.
1489 2585 1530 2610 11.

146 2651 207 2679 12.
261 2639 394 2678 Vetus
425 2635 611 2676 scholion
648 2637 689 2676 h.
718 2639 745 2677 l.
777 2644 862 2678 est:
918 2637 1232 2689 „Simpum'um‚
1274 2652 1345 2678 vas
1373 2638 1531 2678 sacrifi-
