1759 3029
399 228 642 271 RERVM
687 227 776 266 ET
815 225 1212 268 VERBORVM

118 345 168 376 let
192 352 257 377 cet.
275 354 325 386 11,
348 343 409 378 185
434 354 486 386 sq.
525 350 694 376 montana
716 341 782 373 sil-

113 411 263 434 vesu-em
311 413 422 444 quum
460 409 630 433 sterneret
663 407 784 431 torum

117 458 148 499 6,
177 461 207 491 5.

117 518 294 557 quaeritur
321 516 354 556 6,
375 515 433 548 45.
479 514 634 547 dormire
672 525 784 556 quum

253 461 404 502 antIquis
439 458 482 489 de
525 457 684 489 moribus
727 458 783 488 issi

117 581 271 605 senserat
298 575 413 605 virum
440 580 506 605 cet.
532 570 564 611 6,
593 571 667 604 116.

117 638 263 670 amatur,
289 629 350 662 sed
376 631 482 662 facies
507 629 538 669 6,
560 629 635 662 145.
672 640 690 660 a
719 640 784 660 cu-

113 684 274 717 stodibus
305 687 428 730 incipit
460 686 491 728 6,
514 686 592 719 548.

114 753 186 774 non
205 743 356 775 abstinet
376 745 563 776 concubitu
576 745 680 776 sacris
703 743 783 774 die-

711 582 784 603 11011

647 687 784 728 quoties

114 799 180 832 hus
206 800 237 840 6,
253 798 330 834 555.
351 809 409 833 tua
433 803 532 844 virgo
553 809 725 841 maneret,
745 801 784 832 ni

113 857 179 889 tibi
215 857 355 890 deditus

116 915 226 946 cliens
261 925 292 958 9,
319 926 374 958 72.

410 870 523 891 essem
569 858 783 900 devotusque

432 917 545 958 qualis
579 916 697 948 futura
730 916 785 956 sit,

116 971 190 1002 illis
216 970 315 1016 (diis)
343 981 469 1006 notum
495 984 545 1015 10,
566 971 645 1006 553.
687 980 784 1004 torva

118 1028 256 1060 latravit
284 1040 348 1070 10,
373 1041 454 1074 272.
508 1031 671 1063 Herculis
706 1030 785 1061 for-

116 1097 215 1118 mosa
240 1087 285 1118 ad
304 1088 443 1131 cyathos
472 1088 522 1129 13,
544 1087 600 1120 43.
629 1087 700 1119 seta
727 1088 782 1119 ia-

115 1141 216 1173 cebat
241 1144 277 1173 in
306 1154 382 1176 casa
409 1144 460 1185 14,
483 1145 558 1188 167.
601 1144 786 1187 Principis

117 1198 217 1243 quod
246 1197 365 1243 facit,
403 1212 497 1244 quae
520 1212 597 1233 non
630 1200 785 1245 faciet?

120 1257 154 1295 6,
182 1255 260 1299 617.
282 1253 380 1298 Asyli
415 1257 556 1297 quando
591 1256 636 1288 ad
660 1259 786 1300 palum

121 1319 241 1354 gemat
263 1310 294 1352 6,
314 1310 392 1356 267.
439 1311 576 1344 sterilis
601 1311 699 1355 facit
732 1315 790 1343 iu-

121 1369 277 1407 cundam
299 1374 336 1399 et
355 1379 478 1401 carum
501 1369 653 1400 amicum
665 1369 698 1408 5,
715 1368 791 1399 140.

121 1425 223 1458 docta
258 1427 365 1457 nimis
402 1434 436 1457 et
466 1424 616 1457 facunda
650 1425 681 1465 6,
710 1423 791 1456 445.

123 1482 278 1515 Caesaris
305 1485 360 1514 cui
390 1482 524 1514 nubere
559 1481 710 1514 destinat
738 1493 789 1522 10,

122 1540 202 1573 550.

121 1598 202 1631 552.
224 1605 303 1629 ante
312 1596 493 1637 boletum,
521 1605 598 1638 post
617 1607 722 1639 quem
736 1597 790 1627 nil

250 1541 367 1572 uxoris
391 1548 532 1582 partum
557 1540 708 1581 petimus
737 1549 788 1578 10,

126 1656 279 1698 amplius
306 1652 379 1685 edit
398 1651 438 1693 5,
463 1653 541 1686 248.
562 1654 660 1685 uxori
680 1654 708 1684 si
729 1665 789 1684 ca·-

124 1711 246 1756 piendi
272 1713 326 1743 ius
354 1711 498 1743 nullum
516 1736 525 1751 ,
555 1711 638 1742 leno
665 1710 791 1752 accipit

124 1768 266 1802 moechi
292 1768 386 1800 bona
419 1780 431 1801 1
451 1792 460 1808 ‚
492 1767 556 1801 56:
575 1779 683 1809 usque
702 1767 790 1799 adeo

127 1827 238 1868 gravis
259 1836 311 1865 10,
338 1836 414 1858 201.
432 1836 578 1858 uxorem
597 1836 708 1867 quum
718 1825 791 1858 du-

128 1891 184 1915 cat
211 1882 320 1926 spado
354 1894 391 1924 1,
420 1893 476 1915 22.
500 1881 689 1914 comoedus
720 1885 791 1925 agit

127 1941 165 1983 5,
199 1942 258 1986 94.
287 1940 435 1985 accipis,
463 1939 507 1973 de
531 1951 598 1984 qua
615 1939 791 1974 citharoe-

1419 227 1501 281 537

843 341 905 373 dus
926 343 984 373 fiat
1011 349 1107 386 pater
1128 340 1168 379 6,
1207 337 1261 382 76.
1294 338 1375 383 quis
1391 337 1503 383 seret,

841 398 900 430 cui
919 403 1089 430 constent
1109 395 1262 429 omnia?
1288 395 1328 436 6,
1352 395 1423 429 166.
1443 408 1506 428 oc-

842 455 956 487 cidere
992 456 1101 487 iussus
1140 453 1310 486 Claudius
1351 454 1410 493 14,
1436 454 1508 486 331.

841 513 958 552 ducis,
993 511 1186 545 Postume?
1219 510 1261 551 6,
1293 509 1348 542 28.
1373 510 1505 543 onres

843 572 996 604 univirae
1016 570 1053 609 6,
1077 579 1156 612 229.
1177 579 1213 601 n.

888 628 1029 660 onria
1069 627 1275 668 simplicitas
1310 627 1340 657 si
1383 625 1446 656 tihi
1474 632 1507 656 et

842 686 983 720 deditus
1000 687 1062 717 uni
1089 691 1139 715 est
1160 685 1299 715 animus
1318 683 1358 725 6,
1385 683 1463 716 206.

1147 750 1198 782 X.

885 828 1167 873 Xerampelinas
1190 838 1322 862 veteres
1356 829 1418 870 (al.
1444 839 1509 861 ve-

841 887 928 931 stes)
951 889 1018 920 nisi
1041 886 1221 918 donaverit
1244 888 1309 929 ipsi
1331 885 1370 926 6,
1396 885 1466 930 519.

887 944 1029 976 Xerxes
1045 944 1227 975 velificavit
1249 952 1400 983 montes,
1414 954 1513 976 mare

843 1004 1028 1035 constravit
1054 1001 1225 1033 classibus
1266 1009 1300 1032 et
1332 1003 1516 1044 supposuit

842 1061 945 1098 rotis,
972 1069 1090 1090 amnes
1125 1059 1210 1090 feeit
1242 1067 1279 1090 ut
1315 1058 1517 1099 deficerent,

841 1118 879 1149 in
903 1123 1022 1148 ventos
1044 1123 1077 1147 et
1094 1127 1191 1148 marc
1204 1116 1333 1155 saeviit,
1352 1113 1413 1147 sed
1427 1115 1517 1147 red-

842 1175 884 1206 iit
909 1186 978 1206 una
1001 1185 1086 1207 nave
1114 1180 1184 1204 cet.
1218 1183 1268 1212 10,
1300 1173 1411 1217 175-
1428 1173 1506 1216 187.

1156 1251 1198 1283 Ζ.

894 1328 1048 1358 Zalates
1070 1329 1260 1360 Armenius
1287 1331 1516 1360 cunctisnar-

847 1380 943 1414 raffiu·
969 1382 1110 1424 ephebis
1126 1384 1271 1414 mollior
1288 1384 1426 1416 ardenti
1440 1395 1516 1418 sese

846 1439 1032 1471 indulsisse
1057 1439 1218 1470 Tribuno
1244 1451 1275 1479 2,
1295 1440 1370 1473 161.

893 1496 1092 1540 Zelotypus
1139 1497 1331 1540 Thymeles
1374 1497 1407 1538 8,
1441 1509 1516 1543 197.

846 1555 1030 1597 zelotypae
1066 1554 1233 1584 moechae
1271 1555 1299 1585 si
1330 1555 1395 1586 tibi
1422 1565 1519 1587 rete-

846 1620 970 1655 gantur
1003 1612 1129 1642 scrinia
1163 1611 1193 1650 6,
1216 1609 1294 1642 2-8.
1353 1613 1518 1656 zelotypo

845 1668 968 1702 Iarbae
989 1668 1165 1710 praelatus
1199 1668 1334 1700 iuvenis
1357 1667 1389 1709 5,
1415 1667 1473 1701 45.

891 1725 1054 1756 Zenonis
1087 1733 1272 1768 praecepta
1296 1727 1425 1758 melius
1452 1737 1515 1759 nos

847 1790 996 1815 monent
1022 1780 1072 1823 15,
1101 1794 1176 1827 107.

894 1840 1035 1871 Zonam
1068 1841 1164 1872 laeva
1192 1850 1385 1882 morsuque
1412 1845 1518 1873 tene-

847 1898 902 1931 bit
928 1898 1148 1940 (naufragus)
1178 1897 1230 1938 14,
1256 1908 1335 1940 297.

894 1954 972 1999 Ζωὴ
990 1956 1046 1989 καὶ
1062 1952 1156 2000 ψυχή
1178 1954 1210 1998 6,
1229 1953 1305 1999 195.
