1759 3029
378 154 612 197 PERSII
641 157 728 195 ET
753 155 1156 198 IVVENALIS
1389 171 1463 198 xcx

82 286 181 326 quae
200 272 428 323 argumenti
453 271 738 309 tractationem
765 270 871 310 nihil
905 272 1062 310 afficiat.
1118 271 1197 310 Sed
1232 285 1333 324 quae
1373 286 1467 310 cer-

83 348 163 379 tam
210 346 250 378 et
291 345 545 377 constantem
593 338 719 377 habet
756 339 933 377 sormam
983 339 1192 390 Epistola,
1241 340 1382 377 cadem
1421 341 1466 378 iu

79 415 320 458 augumento
375 407 488 444 varia
534 407 743 457 reperitur
784 413 825 443 et
862 406 1243 444 inconstantissima.
1302 407 1470 458 Quippe

76 471 198 511 liuius
235 474 352 524 copia
389 481 431 511 et
472 475 646 513 varietas
687 461 809 512 nullis
852 474 1099 511 terminatur
1134 473 1354 521 limitibus,
1388 475 1469 512 nisi

77 541 148 592 qui
179 541 227 578 ab
260 542 347 592 ipsa
376 549 522 579 natura
555 538 724 593 poeseos
765 542 979 579 constituti
1009 546 1115 578 sunt.
1175 540 1471 592 Quaecumque

75 607 188 645 enim
233 610 443 647 materiem
498 610 698 661 praebent
744 609 979 659 vulgaribus
1022 608 1225 660 epistoliS,
1272 621 1341 655 ea,
1390 609 1472 647 nisi

76 675 281 724 poeticam
303 677 605 728 expositionem
628 689 798 727 prorsus
820 680 1018 727 respuant
1041 675 1230 726 cultaque
1251 688 1471 712 ornamen-

75 742 130 779 tis
164 744 364 781 nitescere
397 750 625 796 nequeant,
662 743 944 795 Epistolarum
986 743 1241 794 poeticarum
1277 742 1471 793 scriptori

74 815 228 860 patent.
260 811 376 853 'Hae
409 810 553 849 reduci
588 824 727 848 omnes
761 810 974 849 commode
1007 817 1179 861 possunt
1202 809 1252 846 ad
1285 816 1368 847 tres
1392 824 1472 860 po·-

74 876 276 916 tissimum
316 879 495 931 species;
542 893 718 930 quarum
752 892 833 916 una
861 884 925 916 est
966 878 1241 929 Epistolaram
1294 877 1471 914 didacti-

76 958 239 993 earum,
277 946 406 983 altera
452 947 742 998 elegiacarum,
782 946 907 984 tertia
944 946 1200 984 iocularium.
1258 943 1325 982 Ad
1358 944 1472 984 illam

74 1011 368 1052 didacticarum
389 1014 566 1065 speciem
598 1014 809 1065 pertinent
838 1014 1012 1052 morales
1053 1027 1126 1050 seu
1159 1011 1336 1061 ethicae,
1368 1026 1472 1064 qua-

73 1079 133 1117 les
166 1081 365 1119 Horatius
398 1081 641 1133 composuit.
698 1079 853 1120 Earum
884 1082 1050 1119 omnino
1078 1087 1140 1118 est
1170 1081 1373 1117 instruere
1391 1077 1471 1117 ho-

76 1148 206 1185 mines
241 1155 282 1186 et
337 1148 508 1193 docere,
550 1149 789 1200 praecipere
831 1149 1031 1187 virtutem
1077 1147 1128 1185 ad
1165 1161 1333 1198 eamque
1380 1161 1470 1184 am«-

74 1215 333 1267 plcctendam
367 1222 410 1254 et
440 1216 652 1254 colendam
691 1217 884 1254 excitare.
943 1215 1022 1254 His
1046 1215 1268 1253 moralibus
1301 1214 1473 1265 Episto-

75 1281 127 1320 lis
171 1285 282 1330 (nain
319 1284 501 1335 reliquae
545 1282 647 1321 nihil
686 1283 736 1320 ad
766 1282 806 1320 h.
847 1283 900 1331 1.)
938 1297 1181 1336 quamquam
1216 1282 1472 1333 propinquae

79 1356 174 1388 sunt
212 1351 387 1400 satirae,
416 1351 732 1403 propinquiores
767 1349 873 1402 apud
903 1350 1146 1398 Horatium,
1182 1350 1253 1401 qui
1277 1355 1316 1386 ct
1346 1349 1472 1386 urba-

75 1412 240 1457 ni¹ssime
279 1420 381 1457 vitia
414 1419 588 1470 carpsit,
619 1424 661 1456 et
691 1419 736 1456 in
767 1419 971 1460 virtutum
993 1415 1348 1455 commendatione
1379 1428 1474 1452 cum

75 1485 243 1524 illorum
271 1486 355 1525 levi
393 1486 602 1537 vituperio
646 1485 835 1523 socianda
870 1485 1059 1523 mirabile
1101 1489 1474 1536 temperamentum

78 1551 284 1599 adhibuit:
311 1559 447 1591 tamen
481 1553 709 1590 Satirarum
736 1554 866 1591 omnis
892 1553 955 1591 vis
988 1566 1072 1590 non
1101 1549 1286 1590 docendo
1319 1555 1360 1587 ct
1381 1564 1472 1587 mo-

79 1619 238 1668 nendo,
265 1633 411 1658 verum
439 1619 613 1657 ridendo
650 1626 691 1657 et
720 1619 970 1671 increpando
1010 1619 1292 1670 expromitur,
1319 1616 1353 1653 si
1380 1617 1474 1667 qui-

81 1685 174 1724 dem
199 1687 244 1725 in
280 1701 327 1724 eo
357 1694 599 1734 versantur,
641 1692 689 1723 ut
715 1686 915 1724 vitiorum
962 1686 1031 1724 vel
1063 1686 1298 1736 graviorum
1336 1683 1474 1734 turpi-

79 1753 262 1791 tudinem
277 1782 288 1802 ,
314 1754 382 1791 vel
407 1754 609 1791 leviorum
646 1753 862 1791 ridiculam
897 1753 1114 1790 stultitiam
1135 1758 1303 1799 notent,
1328 1750 1473 1788 redar-

79 1826 223 1870 guant,
266 1821 474 1871 castigent.
532 1819 655 1857 Unde
699 1820 855 1870 duplex
894 1833 1033 1857 earum
1083 1833 1206 1870 genus
1244 1819 1475 1856 enascitur:

78 1901 206 1925 unum
243 1887 437 1926 hilarium
483 1901 528 1925 ac
574 1887 844 1934 sestivarum,
881 1899 979 1937 quas
1014 1886 1221 1924 Venusini
1250 1886 1354 1923 vatis
1388 1885 1474 1922 ele-

79 1956 214 2006 gantia
253 1955 373 2003 lusit;
414 1954 589 1993 alterum
617 1954 800 1992 tristium
833 1959 875 1990 et
911 1958 1188 2002 austerarum,
1228 1953 1374 2004 quibus
1401 1953 1474 1989 Iu-

77 2023 232 2061 venalis
264 2022 476 2074 Persiique
504 2023 569 2060 ira
606 2036 648 2059 se
676 2021 861 2059 armavit.
917 2021 1110 2072 Denique
1134 2019 1476 2072 quemadmodum

77 2090 269 2128 materies
309 2088 460 2127 horum
503 2089 730 2129 carminum
766 2087 928 2126 diversa
972 2094 1054 2135 est,
1092 2088 1151 2125 ita
1193 2094 1236 2124 et
1271 2089 1476 2124 orationis

81 2157 197 2196 color
242 2157 430 2208 ratioque
477 2165 707 2194 metrorum.
785 2153 832 2193 ln
883 2155 1083 2206 Epistolis
1139 2155 1248 2193 enim
1299 2155 1476 2206 gravitas

81 2225 216 2263 elucet
252 2223 523 2275 Philosophi,
561 2224 690 2276 qualis
737 2223 906 2261 decebat
950 2224 1196 2271 Horatium,
1241 2227 1283 2258 et
1324 2222 1474 2269 virum,

86 2297 128 2329 et
167 2304 290 2329 verae
335 2291 557 2343 sapientiae
603 2291 855 2329 studiosum:
880 2291 925 2327 in
957 2290 1102 2327 Satiris
1134 2289 1279 2327 levitas
1310 2294 1479 2340 apparet

84 2357 265 2407 Comici,
304 2359 433 2410 qualis
471 2374 494 2396 a
523 2365 647 2411 poeta
680 2359 831 2395 iuvene
875 2358 1211 2408 exspectabatur,
1239 2356 1479 2394 iuveniliter

83 2416 315 2463 exsultante
356 2426 599 2477 poculisque
640 2431 687 2463 >et
715 2424 863 2476 puellis
906 2423 1038 2462 adhuc
1082 2422 1244 2461 idoneo.
1302 2421 1349 2460 In
1395 2423 1478 2460 illis

84 2497 313 2530 metrorum
353 2492 589 2530 adstrictior
621 2493 716 2541 lexg,
755 2493 800 2529 in
832 2491 896 2530 his
928 2503 1196 2530 numerorum
1230 2491 1478 2529 solutissima

84 2559 338 2610 negligentia.
409 2559 459 2597 In
493 2559 692 2611 Epistolis
738 2573 823 2597 non
865 2560 1097 2597 Socraticae
1128 2559 1260 2596 solum
1290 2557 1478 2610 philoso-

88 2625 208 2678 phiae
245 2639 379 2678 sparsa
402 2632 498 2665 sunt
521 2628 700 2676 semina,
726 2627 798 2665 sed
830 2627 900 2664 illa
924 2639 1086 2678 quoque
1120 2626 1326 2673 Socratis,
1365 2631 1478 2663 certe

92 2693 390 2746 discipulorum
421 2694 529 2745 eius,
554 2693 692 2747 lepida
723 2693 919 2748 quaedam
957 2707 1050 2733 cum
1079 2693 1311 2741 urbanitate
1340 2691 1390 2730 de
1408 2705 1479 2745 re-
