1759 3029
572 179 969 222 IVVENALIS
1369 193 1457 223 cxv

177 301 214 339 8.
272 299 405 337 Codex
434 298 637 335 Memmii.
667 296 728 347 (ιι.
755 296 900 343 8287.)

66 368 290 408 Membran.
338 366 382 404 in
417 367 454 403 4.
500 372 685 403 constans
724 365 775 402 48
810 362 944 411 soliis,
981 362 1088 402 XIII
1119 378 1220 404 saec.
1253 373 1456 416 exaratus,

65 433 278 473 mendosus
312 447 438 485 aeque
471 447 516 470 ac
565 433 813 483 ineleganter
854 432 1053 483 scriptus,
1092 446 1186 471 cum
1215 433 1380 473 scholiis
1405 435 1456 473 ad

63 500 285 551 marginem
315 505 357 537 et
385 502 495 538 inter
525 500 652 537 lineas
678 500 852 550 scriptis.

137 585 148 598 ι
175 581 211 618 q.
269 567 402 604 Codex
428 567 618 604 Silue-‘tri
643 568 691 604 (le
720 568 944 605 Florentia.
975 566 1030 619 (n.
1055 566 1202 621 8292.)

61 634 290 673 Membran.
321 636 365 671 in
399 635 436 671 4.
469 641 654 672 constans
697 636 748 684 74
772 634 907 683 soliis,
941 634 1050 673 XIII
1068 643 1244 674 exeunte
1264 650 1365 675 saec.
1389 638 1456 676 vel

62 702 171 740 XIV
197 703 368 739 ineunte
401 707 615 749 exaratus,
653 702 858 753 eleganter
893 702 1086 753 quidem,
1124 703 1195 741 sed
1232 717 1314 742 non
1354 705 1454 744 acleo

62 770 282 820 diligenter
302 783 377 806 nec
391 777 597 806 accurate:
625 768 911 807 memorabiles
931 774 1065 806 tamen
1096 773 1362 822 reperiuntur
1391 773 1456 810 le·-

66 839 246 885 ctione—s,
278 837 422 888 quibus
448 835 655 874 interdum
676 837 740 873 usi
761 850 912 877 summ.
974 835 1172 874 Continet
1194 837 1301 875 XVI
1330 840 1456 877 Iuve-

61 906 164 943 nalis
184 905 323 941 satiras
340 917 431 941 cum
453 903 617 942 scholiis
633 902 918 952 admarginem
939 910 980 942 et
1008 904 1117 942 inter
1138 905 1264 943 lineas
1278 907 1455 956 scriptis.

182 985 241 1011 lo.
301 971 435 1008 Codex
464 972 716 1008 Senatorias.
747 970 807 1019 (n.
835 972 976 1020 8073.)

59 1039 291 1079 Membran.
326 1039 371 1076 in
406 1038 509 1075 solio
547 1051 696 1089 parvo,
727 1044 916 1075 constans
958 1040 1032 1076 118
1064 1039 1198 1088 soliis,
1226 1040 1335 1078 XIV
1352 1055 1454 1080 saec.

61 1112 278 1154 exaratus,
315 1094 543 1143 maioribus'
584 1106 713 1142 literis
764 1119 862 1144 auro
906 1106 1050 1157 pictis,
1097 1107 1333 1145 eharactere
1365 1109 1456 1147 Go-

59 1174 172 1213 thico
200 1174 494 1224 elegantissime
512 1179 552 1210 et
575 1174 809 1210 membrana
824 1172 1070 1213 nitidissima
1099 1176 1290 1226 scriptus.
1349 1176 1456 1216 Cum

62 1243 312 1295 puritatem,
352 1232 439 1278 tnm
475 1247 657 1278 exactam
705 1241 1033 1280 convenientiam
1077 1243 1121 1281 in
1156 1258 1203 1280 eo
1239 1244 1455 1283 scribendo

63 1309 267 1348 affectavit
312 1308 524 1356 librarius,
568 1308 668 1345 adeo
719 1314 766 1344 ut
809 1307 916 1345 liber
946 1308 1023 1346 iste
1065 1310 1456 1362 editiones‘primas

61 1377 277 1428 impressas
310 1382 498 1426 superet,
531 1374 604 1412 sed
639 1381 680 1412 et
710 1375 960 1414 rectitudine
995 1378 1220 1428 scripturae
1258 1379 1456 1430 pulcher-

61 1445 198 1484 rimas.
255 1443 343 1480 Nec
375 1443 510 1480 minor
542 1455 637 1480 cum
672 1444 716 1480 in
751 1448 952 1480 contextu
988 1444 1241 1483 emendando
1278 1447 1358 1484 suit
1382 1447 1458 1484 ad·

61 1512 204 1551 hibita.
262 1511 432 1548 Praeter
463 1511 796 1547 commentarium
828 1511 975 1561 partim
995 1511 1114 1548 initio
1145 1512 1264 1561 libri,
1304 1515 1458 1565 partim

62 1581 109 1619 in
140 1579 222 1617 sme
257 1577 526 1627 adscriptum,
555 1578 689 1613 textui
715 1583 859 1627 poetae
894 1577 1109 1616 subiuncta
1141 1587 1200 1616 est
1230 1583 1458 1633 paraphra-

66 1647 139 1694 sis,
184 1659 283 1697 quae
331 1650 467 1681 tamen
501 1650 548 1680 ut
597 1644 910 1680 comm-amarius
946 1644 1117 1693 glossam
1155 1646 1324 1685 redolet.
1384 1648 1459 1688 lue

66 1719 202 1752 autem
231 1711 362 1748 codex
395 1711 504 1747 inter
533 1712 706 1760 optimos
744 1716 784 1746 et
820 1710 1058 1750 utilissimos
1097 1714 1217 1751 nobis
1257 1715 1369 1753 visus
1398 1724 1462 1756 est

65 1779 353 1820 recensendus.
414 1777 525 1814 Haec
552 1775 602 1813 ad
637 1776 786 1813 calcem
821 1777 1035 1827 leguntur:

179 1848 261 1885 Iste
290 1846 418 1888 liber,
462 1844 533 1895 qui
562 1843 788 1880 senatorius
826 1849 1019 1892 vocatur,
1054 1845 1136 1884 snit
1171 1850 1348 1900 scriptus
1381 1864 1458 1903 per

65 1930 133 1955 me
190 1913 395 1951 nicolaum
439 1911 537 1948 olim
574 1910 624 1947 (le
666 1911 807 1960 pusi0‚
838 1923 943 1947 anno
978 1910 1134 1950 domini
1170 1916 1460 1968 nn'llo’‚ccc0,

65 1981 178 2035 ms,
215 1980 406 2019 indictiae
449 1979 500 2017 V.
544 1984 728 2028 tempore
769 1975 924 2014 domini
981 1979 1192 2019 clementis
1233 1997 1361 2034 papae
1405 1987 1459 2035 V,

67 2063 172 2089 anno
202 2062 289 2086 elus
317 2062 377 2085 sx.
411 2047 561 2085 mensis
597 2045 735 2096 aprilis
769 2043 837 2081 (lie
865 2044 1001 2094 XIX,
1031 2053 1072 2083 et
1105 2047 1187 2086 suit
1216 2051 1459 2103 compilatus

69 2116 202 2171 quoad
243 2116 442 2153 lecturam
490 2127 564 2165 per
604 2112 784 2150 nobilem
827 2117 871 2149 et
914 2112 1116 2152 illustrem
1156 2118 1291 2156 virum
1325 2120 1462 2159 domi-

68 2197 172 2225 num
201 2183 393 2234 gentilem
427 2181 477 2218 de
510 2181 604 2218 filiis
640 2180 748 2227 ursi,
776 2185 964 2230 tempore
1001 2182 1068 2219 sui
1098 2190 1261 2222 senatus
1282 2189 1400 2225 sexti.

185 2262 246 2290 Π.
307 2249 528 2287 ΤΙιιιαηειι3
559 2248 614 2284 II.
644 2246 699 2300 (n.
734 2248 879 2298 7984.)

72 2317 174 2357 Cod.
222 2318 389 2355 membr.
436 2317 481 2355 in
523 2315 595 2353 sol.
650 2320 778 2352 const.
823 2326 902 2354 212
951 2314 1084 2365 soliis,
1127 2324 1306 2356 exeunte
1352 2318 1462 2361 XIV

69 2398 172 2423 saec.
206 2372 415 2432 exaratus,
455 2384 660 2434 eleganter
706 2382 906 2433 scriptus,
943 2395 1036 2421 cum
1070 2384 1295 2424 initialibus
1329 2387 1461 2428 literis

71 2465 173 2492 auro
222 2458 264 2489 et
304 2452 510 2490 coloribus
554 2450 745 2502 depicti3‚
801 2450 906 2487 bene
961 2459 1222 2489 conservatus
1283 2455 1461 2508 satisque

73 2518 321 2558 emendatus.
356 2519 492 2556 Habet
525 2518 708 2568 integros
741 2517 974 2561 Horatium,
1005 2515 1193 2557 Persium
1217 2526 1258 2557 et
1280 2522 1462 2562 Iuvenaa

72 2584 165 2625 lem.
202 2585 342 2623 Primo
368 2585 470 2623 solio
494 2585 734 2624 inscribitur
751 2585 838 2625 lac.
862 2585 974 2636 Aug⁴
997 2585 1165 2624 leuani
1197 2594 1240 2625 et
1254 2589 1458 2637 Colberti,
1490 2630 1495 2635 ,

75 2652 126 2691 ad
154 2666 276 2707 quem
307 2658 451 2704 postea
482 2652 658 2692 devenit.

902 2714 988 2757 ha
