1759 3029
155 151 332 179 mxxvxn
388 135 475 176 DE
514 131 650 173 SAT.
689 129 970 173 LVCILII
1007 129 1312 170 HORATII

154 253 374 307 splendore
423 245 632 300 conspicui
665 247 783 285 bonis
824 247 1045 298 exemplis,
1083 245 1278 297 adspectu
1326 246 1546 296 imaginum

150 328 201 360 et
233 318 428 358 memoria
461 331 627 364 rerum,
652 329 674 352 a
708 314 930 352 maioribus
962 319 1187 364 gestarum,
1219 312 1268 350 ad
1301 326 1433 350 mores
1471 327 1545 350 eo—

153 402 250 428 rum
287 390 524 424 constanter
570 380 741 419 tuendos
784 387 824 418 et
859 381 910 418 ad
947 395 1013 428 ea,
1063 394 1165 432 quae
1205 378 1394 427 honesta,
1424 393 1545 431 prae-

154 454 267 493 clara
312 459 355 490 et
397 450 608 501 magnifica
641 455 757 496 sunt,
811 447 1002 485 sectanda
1058 447 1427 494 inflammabantur3
1469 461 1549 498 qua

154 523 324 561 libertas
371 517 566 570 loquendi
601 515 887 567 scribendique
936 514 1119 552 nondum
1160 514 1228 552 vel
1280 513 1436 564 legibus
1479 514 1547 551 vel

155 596 272 629 metu
309 595 579 638 tyrannorum
612 583 792 633 praecisa
833 588 946 629 erat,
971 595 1103 633 neque
1138 595 1280 631 magna
1314 581 1382 618 vel
1420 594 1545 631 gene-

156 659 214 697 ris
260 656 328 694 vel
376 652 529 691 ordinis
577 651 682 688 ratio
726 648 975 693 habebatur3
1005 662 1084 699 qua
1117 655 1329 698 praeterea
1362 647 1550 696 Romani,

152 723 321 775 scriptis
362 718 583 759 Menandri
621 717 876 766 aliorumque
936 714 1188 752 Graecorum
1246 715 1421 763 exculti,
1469 715 1551 753 iam

155 805 287 845 paene
320 792 521 827 exuerant
560 784 752 821 rusticam
794 782 981 819 iocorum
1012 794 1256 832 morumque
1291 783 1555 832 asperitatem

153 865 202 898 et
246 858 425 907 linguam
472 867 584 891 suam
629 851 750 902 plane
785 848 835 885 ad
883 862 1068 898 graecam
1102 848 1282 886 formare
1318 855 1552 899 coeperant.

155 926 276 966 Idem
306 928 428 975 poeta
459 919 617 966 Laelii,
649 916 850 967 Scipionis
877 916 1131 967 aliorumque
1166 928 1417 953 summorum
1436 917 1553 954 viro-

156 1008 252 1034 rum
284 987 579 1029 consuetudine
611 984 785 1035 politus,
814 982 937 1020 hilari
972 988 1013 1019 et
1041 988 1206 1033 promto
1251 982 1301 1020 ad
1333 979 1553 1020 iocandum

155 1061 296 1102 animo
331 1064 373 1096 et
407 1054 560 1106 ingenii
597 1051 760 1089 dotibus
786 1050 945 1100 egregie
972 1064 993 1087 a
1022 1055 1170 1087 natura
1189 1049 1415 1088 instructus
1452 1055 1553 1089 erat.

152 1129 217 1174 (v.
270 1127 413 1165 Horat.
465 1123 546 1160 Sat.
595 1119 659 1169 II,
710 1131 752 1167 1,
801 1116 1026 1166 62—74.)
1108 1117 1219 1153 Hinc
1275 1118 1346 1155 illa
1388 1118 1556 1155 audacia

157 1208 385 1248 magnaque
428 1192 651 1230 verborum
694 1187 886 1238 libertas,
927 1199 1006 1240 qua
1044 1184 1232 1223 Lucilius
1264 1199 1382 1223 sensa
1405 1186 1557 1224 mentis

155 1265 292 1318 palam
329 1260 538 1313 expromit
573 1264 615 1296 et
650 1256 852 1308 explieat,
883 1268 1017 1308 neque
1049 1262 1135 1293 tam
1165 1253 1269 1293 vitia
1305 1266 1424 1304 quam
1444 1254 1557 1304 ipsos

160 1332 311 1370 stultos
346 1335 388 1367 et
407 1327 616 1379 improbos
648 1324 939 1375 cuiuscumque
969 1325 1150 1374 generiS,
1184 1323 1266 1360 loci
1301 1334 1345 1358 ac
1377 1320 1557 1372 dignita-

158 1400 213 1437 tis
238 1397 306 1436 vel
338 1395 579 1434 nominatim
601 1393 847 1438 insectatum
887 1389 984 1428 hinc
1009 1392 1175 1443 antiqua
1209 1391 1294 1427 eius
1333 1395 1374 1426 et
1405 1402 1558 1427 verna—

158 1466 253 1504 cula
297 1463 500 1502 festivitas
547 1467 588 1498 et
631 1460 731 1497 sales
780 1459 904 1508 magis
953 1458 1060 1509 nigri
1115 1472 1235 1510 quam
1277 1457 1444 1504 urbani,
1500 1470 1556 1494 ex

158 1532 397 1572 auctoribus
431 1530 584 1567 veteris
619 1528 874 1565 Graecorum
915 1525 1149 1563 comoediae
1184 1525 1344 1573 hausti3
1372 1522 1468 1560 hinc
1489 1525 1557 1561 in-

161 1599 331 1638 condita
375 1597 570 1635 orationis
613 1594 806 1645 asperitas
850 1599 892 1630 et
933 1606 1075 1631 versus
1117 1593 1200 1640 illi,
1248 1605 1389 1643 graeca
1439 1604 1561 1642 saepe

159 1667 288 1706 verba
330 1665 468 1702 latinis
496 1664 746 1706 inserentes,
777 1666 898 1712 atque
941 1660 1168 1697 limatiores
1201 1658 1368 1711 quidem
1401 1657 1560 1695 Ennia-

161 1734 251 1782 nis,
303 1731 374 1769 sed
419 1731 554 1768 minus
595 1728 716 1781 politi
763 1735 804 1765 et
847 1729 996 1774 comti,
1040 1740 1159 1779 quam
1189 1731 1428 1777 poetarum,
1459 1739 1560 1777 quos

164 1800 349 1839 Caesaris
399 1804 441 1835 et
482 1796 659 1847 Augusti
701 1794 908 1832 saeculum
944 1794 1052 1831 tulit.
1083 1793 1238 1841 (Cons.
1274 1807 1361 1844 sup.
1398 1792 1449 1831 de
1473 1793 1560 1835 Sat.

159 1868 282 1907 Rom.
313 1881 352 1918 p.
380 1865 580 1903 XLVIII.
606 1870 647 1900 et
680 1869 765 1899 not.
797 1863 862 1899 31.
887 1867 929 1898 et
959 1862 1055 1907 32.)

275 1933 338 1970 Ab
389 1945 489 1970 aevo
541 1930 759 1967 Luciliano
802 1928 979 1965 multum
1027 1926 1240 1964 differebat
1271 1927 1558 1977 Horatianum

164 2004 326 2041 Statum
371 1999 434 2037 rei
476 1997 664 2050 publicae
694 1995 902 2032 Romanae
944 1994 1091 2041 luxus,
1131 1994 1302 2032 avaritia
1342 2001 1560 2047 ceteraque

163 2070 288 2114 vitia,
323 2080 425 2120 quae
454 2078 536 2102 una
564 2077 657 2101 cum
693 2062 848 2099 divitiis
868 2061 1093 2112 peregrinis
1125 2061 1477 2111 immigraverant,
1516 2064 1561 2101 111

163 2137 251 2174 (lies
294 2134 417 2184 magis
457 2130 757 2170 labefactabant
814 2136 854 2166 ct
882 2129 1031 2165 mirum
1066 2128 1109 2165 in
1149 2127 1316 2166 modum
1349 2131 1562 2167 concutie-

163 2204 266 2243 bant
288 2202 467 2253 primum
496 2197 785 2240 Gracchanae,
815 2195 1067 2242 Drusianae,
1096 2196 1348 2246 Apuleianae
1377 2197 1561 2247 aliaeque

165 2269 386 2308 seditiones
431 2266 690 2312 tribunitiae,
729 2277 828 2301 mox
884 2262 990 2300 bella
1028 2263 1187 2309 civilia,
1226 2263 1560 2314 p1·oscriptione5‚

166 2337 395 2376 dictaturae
418 2340 642 2386 perpetuae
668 2338 709 2369 et
744 2331 1044 2370 triumviratus.
1107 2329 1246 2367 Mores
1283 2330 1411 2376 enim,
1442 2337 1561 2366 antea

165 2404 317 2441 sensim
350 2402 626 2454 paulatimque
658 2400 779 2450 lapsi,
830 2399 910 2435 iam
955 2402 1175 2447 coeperant
1205 2396 1450 2448 praecipites
1486 2397 1558 2445 irc,

167 2477 212 2509 et
246 2469 496 2508 abundantes
533 2466 702 2505 divitiae
746 2470 865 2517 atque
905 2464 1136 2515 voluptates
1172 2469 1418 2515 pepererant
1450 2463 1562 2501 desi-—

169 2537 357 2580 derium,
389 2546 464 2587 per
485 2535 750 2573 ambitionem
772 2540 892 2585 atque
920 2532 1144 2583 potentiam
1171 2530 1346 2568 audendi
1380 2531 1560 2582 perdem-

169 2593 293 2656 dique
338 2599 493 2660 onmia,
522 2600 650 2640 donce
683 2599 733 2639 ad
768 2615 813 2638 ea
848 2596 1137 2651 perveniretur
1174 2604 1382 2649 tempora,
1413 2599 1559 2650 quibus

169 2669 324 2723 perditi
366 2677 485 2723 atque
524 2668 727 2721 profligati
756 2667 954 2716 'homines
1001 2678 1086 2704 non
1127 2667 1297 2718 amplius
1346 2666 1412 2705 vel
1460 2666 1561 2703 vilia
