1759 3029
399 107 634 150 PERSII
690 108 775 147 ET
833 106 1223 149 IVVENALIS
1365 119 1506 147 Lxmx

124 227 215 275 sua,
243 226 312 264 vel
346 225 553 273 remedia,
579 237 681 276 quae
710 222 854 261 morbo
886 222 1050 273 quidem
1082 222 1400 271 adhibebantur,
1435 222 1507 260 sed

122 295 295 332 salutem
342 293 601 340 minuebant,
639 292 724 343 pati
764 295 981 341 poterant,
1018 297 1086 327 aut
1119 292 1230 328 serre
1263 291 1509 340 libertatem,

123 375 247 413 quae,
288 375 414 414 quum
454 375 478 398 a
519 359 760 398 Caesariano
801 357 899 395 inde
937 357 1269 409 Pompeianoque
1317 358 1424 397 bello
1458 359 1510 397 ad

121 442 299 480 pugnam
339 428 551 466 Actiacam
581 428 649 466 vel
683 426 902 477 septimum
934 425 1108 475 Augusti
1130 427 1384 465 consulatum
1419 428 1510 466 vel·-

124 503 173 534 ut
213 497 393 535 moriens
437 497 636 534 reluctata
666 500 772 533 esset
802 494 1052 541 dominatui,
1098 492 1261 530 tandem
1291 495 1328 531 ei
1365 495 1512 533 cedere

123 565 358 615 cogebatur.
427 564 605 601 Romani
660 563 792 609 cives,
835 562 905 613 qui
952 561 1072 607 olim,
1130 560 1323 612 quamdiu
1378 563 1510 601 adhuc

125 632 398 684 parsimoniae
430 630 745 683 paupertatique
767 627 898 666 honos
935 634 1127 676 steterat,
1158 628 1414 679 disciplinam
1447 645 1513 668 se-

125 711 287 747 veram,
313 700 479 750 inopem
510 699 733 749 duramque
753 697 903 743 vitam,
929 696 1129 733 iustitiam
1162 696 1340 747 aliasque
1380 699 1516 735 xirtu-

127 772 191 803 tes
228 767 461 814 coluerant,
484 766 579 803 inde
618 779 641 801 a
669 764 836 800 Sullana
873 769 1005 804 aetate
1041 777 1164 814 opum
1190 770 1231 800 et
1267 777 1520 803 coacervan—

124 834 271 872 darum
312 839 364 871 eti
399 832 780 884 prosundcndarum
823 830 1065 882 inexplebili
1110 837 1231 882 atque
1265 832 1409 870 insana
1444 847 1518 870 cu·-

124 901 300 953 piditate
335 901 553 948 ardebant3
581 899 855 949 mulieresque
896 911 980 936 non
1013 899 1147 936 minus
1192 899 1371 950 turpiter
1399 902 1520 938 vive—

127 969 228 1009 bant
269 983 389 1021 quam
426 968 519 1006 w'ri.
579 965 762 1004 Censura
791 980 876 1004 non
905 966 1000 1003 satis
1034 980 1174 1003 severa
1205 972 1294 1003 erat
1329 972 1399 1004 aut
1429 967 1517 1005 effi—

129 1051 231 1087 cax,
271 1043 312 1074 et
356 1035 564 1074 institutio
606 1034 833 1072 liberorum
875 1047 1088 1086 perversa,
1123 1033 1356 1071 hominibus
1401 1049 1524 1087 saepe

128 1104 338 1144 vilissimis
374 1102 700 1154 turpissimisque
726 1101 876 1139 tradita
903 1108 945 1139 et
978 1115 1001 1139 a
1037 1103 1275 1153 parentibus
1311 1103 1378 1141 vel
1401 1104 1527 1154 plane

130 1172 315 1223 neglecta
352 1171 420 1209 vel
453 1171 590 1222 pravis
634 1170 833 1208 vitiorum
875 1170 1074 1221 exemplis
1110 1176 1317 1222 corrupta.
1375 1170 1521 1209 Cicero

129 1254 213 1278 non
241 1253 324 1277 uno
346 1239 438 1276 loco
461 1237 648 1290 deplorat
670 1251 892 1286 summam,
931 1239 975 1276 in
1001 1251 1119 1289 quam
1142 1239 1274 1289 prima
1310 1245 1418 1276 aetas
1450 1253 1524 1276 sua

132 1307 362 1355 incidisset,
409 1305 765 1359 perturbationem
809 1305 1048 1358 disciplinae
1097 1307 1271 1355 veteris,
1328 1312 1412 1345 tam
1442 1321 1524 1357 pu-

132 1377 264 1418 blicae
286 1388 406 1427 quam
439 1374 649 1426 privatae,
678 1386 770 1411 cum
795 1387 873 1424 qua
907 1387 997 1411 rem
1027 1374 1233 1425 publicam
1273 1375 1524 1425 potcntinm-

133 1458 215 1497 que
263 1442 546 1481 Romanorum
587 1447 628 1479 et
683 1441 842 1478 stetisse
882 1446 924 1478 et
988 1441 1182 1479 cecidisse
1239 1442 1527 1492 sapientissimi

132 1512 217 1550 viri
258 1510 514 1557 iudicarunt,
546 1515 587 1546 et
621 1509 664 1546 in
701 1507 815 1545 Orat.
846 1522 923 1559 pro
967 1507 1109 1546 Coelio
1145 1522 1178 1545 c.
1211 1521 1273 1558 17.
1309 1512 1528 1547 continen-

134 1579 235 1616 tiam
278 1578 379 1615 dicit
423 1577 601 1639 aliasque
647 1575 940 1624 Camillorum,
962 1576 1248 1614 Fabricimum
1282 1575 1527 1614 Culimum-

138 1659 217 1698 que
263 1647 438 1682 virtutes
468 1641 552 1680 non
584 1643 716 1680 solum
746 1655 830 1679 non
873 1644 918 1679 1'11
950 1643 1132 1679 molibus
1164 1642 1286 1680 liuius
1317 1644 1428 1691 aevi,
1456 1643 1532 1682 scal

136 1714 213 1752 vix
254 1712 335 1749 iam
380 1711 424 1748 in
464 1710 580 1747 libris
624 1710 822 1759 iepe1i1i3
863 1708 1020 1747 chaitas
1054 1724 1241 1761 quoque,
1279 1724 1381 1762 quae
1414 1711 1527 1748 illam

134 1779 352 1832 pristinam
390 1777 650 1814 sevelitatem
695 1778 995 1824 continuerint,
1044 1777 1303 1816 obsolevisse.
1370 1778 1529 1815 Exem—

134 1847 251 1900 plum
297 1844 444 1882 deinde
489 1843 684 1893 Augusti,
725 1844 929 1895 Principis
971 1844 1175 1895 magnifici
1217 1851 1258 1882 et
1310 1845 1530 1893 luxuriosi,

137 1913 316 1952 maxime
356 1925 457 1951 vero
489 1907 761 1960 Maecenatis,
788 1910 965 1949 hominis
997 1912 1082 1950 otio
1117 1925 1160 1949 ac
1184 1912 1371 1950 mollitiis
1403 1927 1533 1964 paene

137 1981 248 2022 ultra
291 1979 484 2018 seminam
524 1978 709 2026 fluentis,
750 1976 919 2027 (Vellei.
967 1979 1020 2016 II.
1070 1981 1134 2017 88.
1191 1980 1372 2019 Iuvenal.
1406 1980 1438 2026 I,
1469 1980 1532 2017 66.

140 2049 242 2096 XII,
276 2047 366 2099 39.)
394 2061 489 2098 opes
515 2047 738 2084 immensae
754 2075 767 2091 ,
800 2060 854 2084 ex
876 2047 1100 2098 provinciis
1122 2046 1297 2085 Romam
1323 2046 1535 2084 confluen-

140 2123 227 2164 tes,
273 2117 468 2152 securitas
516 2128 560 2152 ac
606 2115 718 2166 quies
760 2115 947 2166 imperii,
986 2121 1070 2152 tam
1129 2114 1299 2151 diutinis
1341 2114 1535 2165 procellis

140 2197 188 2221 ac
221 2182 470 2220 turbulentis
506 2182 818 2233 tempestatibus
853 2182 993 2220 vexati
1011 2211 1021 2230 ,
1053 2181 1220 2231 exiguas
1249 2181 1536 2232 simplicitatis,

142 2248 432 2300 magnitudinis
473 2250 596 2287 animi
645 2250 896 2301 aliarumque
940 2250 1144 2288 virtutum
1178 2261 1423 2300 morumque
1457 2263 1532 2287 ve-

144 2323 279 2355 terum
313 2317 506 2368 reliquias
530 2317 865 2367 exstinguebant,
898 2319 1135 2368 animosque
1170 2317 1353 2354 omnium
1384 2329 1537 2368 pronos

145 2384 370 2423 reddebant
407 2384 457 2421 ad
476 2385 709 2431 luxuriam,
753 2384 1027 2422 effeminatum
1049 2385 1287 2434 languorem
1321 2389 1362 2419 et
1392 2383 1537 2421 libidi-

147 2465 243 2499 neS,
290 2465 391 2503 quae
429 2451 610 2489 consiliis
653 2452 915 2502 Imperatoris
959 2464 1150 2503 novoque
1190 2450 1368 2488 civitatis
1411 2451 1538 2488 statui

151 2532 271 2570 quam
317 2519 494 2556 maxime
546 2519 846 2569 congruebant,
886 2526 1065 2557 mentem
1110 2531 1210 2556 vero
1256 2518 1538 2555 abalienabant

149 2599 173 2621 a
211 2584 355 2622 studiis
393 2587 666 2624 severioribus
723 2587 891 2637 eiusque
937 2586 1046 2624 vires
1102 2585 1355 2635 frangebant.
1422 2585 1539 2623 Idem

147 2652 352 2703 Augustus
365 2680 379 2705 ³,
407 2658 466 2705 ut·
486 2654 640 2693 animos
677 2653 830 2691 civium
863 2666 888 2689 a
920 2665 1041 2691 sensu
1072 2652 1275 2691 libertatis
1308 2652 1475 2692 amissae
1498 2658 1542 2689 et
