1759 3029
635 109 1046 152 IVVENALIS
1436 122 1539 149 cxlx

251 243 317 282 29.
376 229 508 266 Codex
541 241 579 265 n.
619 227 857 265 113-402.

141 298 474 339 Membranaceus
510 296 553 333 in
578 295 602 332 4
624 294 822 344 oblongo,
853 300 1042 331 constans
1063 292 1115 331 60
1140 293 1270 341 soliis,
1307 292 1394 332 XV
1429 306 1533 332 saec,

140 370 327 403 exaratus
374 363 579 413 eleganter
616 360 850 399 charactere
896 359 1108 406 Gothico;
1162 366 1347 398 ceterum
1387 374 1535 411 parum.

136 433 248 470 lectu
278 431 408 469 facilis
440 435 611 481 propter
648 430 863 467 innumera
886 442 1034 466 vocum
1058 427 1309 478 compendia.
1363 427 1398 464 E
1422 428 1532 466 bono

137 505 272 537 tamen
319 498 466 535 ductus
521 496 687 535 videtur
729 495 932 547 exemplo.
1000 495 1139 533 Habet
1198 494 1435 532 Iuvenalem
1492 500 1534 532 et

134 566 324 605 Persium
354 565 549 616 integros.

247 635 314 671 50.
375 633 508 670 Codex
551 646 590 670 n.
631 632 876 670 114—-4-02.

141 699 387 743 Chartaceus
436 699 479 737 in
527 700 552 736 4
585 713 742 750 parvo,
783 703 970 736 constans
1012 697 1094 736 236
1136 696 1269 745 soliis,
1311 696 1398 735 XV
1430 709 1533 736 saec.

134 768 286 807 leviter
333 780 408 804 nec
450 781 534 804 non
589 767 795 817 eleganter
831 771 1050 813 exaratus,
1081 766 1196 803 cuius
1229 765 1434 816 scriptura
1469 778 1534 803 sa-

134 836 189 873 tis
222 834 354 872 refert
389 847 500 881 eam,
540 848 658 885 quam
693 846 801 870 nunc
845 846 1037 870 vocamus
1069 833 1274 884 anglaise.
1337 831 1536 883 Continet

137 901 362 942 Omniboni
390 901 729 938 commentarium
763 901 804 937 in
827 900 1075 938 Iuvenalem.
1113 900 1195 937 Hic
1229 905 1291 936 est
1330 899 1531 936 Omnibo-

136 983 215 1008 nus
246 970 511 1006 Leonicensis
555 967 642 1005 sive
674 968 812 1019 potius
841 969 893 1004 P.
929 968 997 1004 Fr.
1041 967 1225 1017 Omolloy
1265 973 1338 1004 aut
1373 967 1534 1016 fflolloy

134 1037 432 1090 (Ognibzwno,
474 1037 757 1079 Leonicenas,
798 1033 837 1072 h.
881 1048 915 1071 e.
960 1034 1186 1084 Leonicae,
1223 1049 1316 1086 opp.
1344 1035 1534 1081 vicent„

134 1105 236 1145 hod.
271 1104 461 1154 Lunigo,
508 1109 647 1150 natus,
694 1102 996 1140 Grammaticus
1043 1102 1154 1141 Sacc.
1199 1102 1317 1140 XVI.
1347 1108 1536 1140 mortuus

132 1187 169 1210 a.
212 1173 347 1218 1524.)
382 1170 562 1207 Hiberus
595 1169 828 1218 Medensis,
870 1169 1024 1207 ordinis
1071 1171 1169 1208 min.
1207 1171 1335 1207 strict.
1372 1170 1533 1207 observ.

133 1241 179 1278 in
224 1239 393 1289 collegio
443 1237 481 1274 S.
518 1236 668 1274 Isidori
715 1237 765 1274 de
813 1237 916 1274 urbe
950 1237 988 1273 S.
1023 1236 1101 1274 Th.
1148 1237 1256 1288 pros.
1295 1236 1532 1288 primarius,

135 1307 269 1346 lector
310 1306 503 1343 iubilatus
547 1310 587 1341 et
626 1305 864 1355 provinciae
912 1304 1139 1342 Hiberniae
1183 1305 1227 1342 in
1265 1305 1379 1341 curia
1409 1301 1532 1342 Rom.

138 1387 259 1425 agens
308 1373 517 1423 generalis.
585 1371 781 1423 (Scripsit
823 1377 988 1423 praeter
1029 1372 1106 1409 alia
1142 1371 1456 1409 commentarios
1488 1372 1534 1409 in

133 1440 389 1489 Iuvenalem,
446 1440 707 1486 Sallustium,
747 1438 987 1487 Lucanum,
1032 1440 1246 1477 Valerium
1288 1439 1535 1488 Maximum,

138 1509 443 1558 Quintilianum
486 1513 527 1544 ct
573 1508 729 1559 aliquot
773 1506 984 1544 Ciceronis
1028 1507 1182 1545 libros:
1230 1520 1334 1559 quae
1378 1506 1534 1557 scripta

137 1576 322 1614 nondum
354 1573 463 1611 edita
497 1581 604 1612 sunt.
634 1575 768 1611 Notae
819 1574 905 1611 eius
941 1576 986 1612 in
1027 1574 1265 1612 Iuvenalem
1310 1574 1534 1625 pleraeque

101 1657 214 1696 ‚pro
255 1648 440 1692 tempore
484 1642 579 1678 satis
626 1642 757 1678 bonae
800 1647 917 1688 sunt,
965 1641 1171 1692 simplices
1217 1648 1338 1693 atque
1388 1639 1534 1678 auditu

139 1710 302 1758 faciles,
330 1714 371 1745 et
406 1707 456 1744 iis
487 1707 702 1759 aliquando
735 1708 799 1744 usi
839 1708 1012 1755 sumus.)

341 1776 392 1814 V.
451 1774 1019 1813 EBIBLIOTHECA
1069 1773 1333 1812 SANCTI

471 1839 799 1879 GERMANI
855 1840 894 1877 A
944 1840 1221 1879 PRATIS.

251 1912 316 1949 31.
376 1908 508 1948 Codex
539 1909 637 1945 olim
668 1908 958 1945 Coislinisums
988 1921 1028 1946 n.
1064 1908 1181 1947 1166.

136 1978 472 2018 Membranaceus
515 1977 560 2013 in
603 1981 639 2022 8.
683 1981 870 2012 constans
913 1974 977 2012 56.
1016 1975 1148 2024 soliis,
1178 1975 1267 2013 XII
1297 1988 1398 2014 saec.
1430 1979 1535 2014 exa--v

137 2051 274 2094 ratus,
311 2044 546 2082 charactere
591 2043 865 2082 minutissimo
913 2048 955 2079 et
1003 2056 1149 2094 parum
1180 2042 1312 2080 nitido
1342 2042 1535 2094 scriptus,

137 2101 214 2152 nec
262 2112 362 2155 adeo
412 2117 601 2150 accurate
647 2108 883 2148 emendatus
932 2114 975 2146 et
1010 2113 1129 2161 parvi
1160 2110 1297 2161 pretii.
1354 2110 1536 2147 Iuvena-

138 2181 220 2219 lem
263 2178 388 2219 habet
433 2193 526 2218 cum
574 2176 741 2216 scholiis
787 2177 839 2217 acl
891 2178 1118 2228 marginem.
1172 2183 1216 2215 et
1258 2176 1367 2215 inter
1406 2177 1536 2215 lineas

141 2248 318 2299 scriptis.

581 2314 655 2352 VI.
712 2313 749 2352 E
797 2311 1087 2351 BELGIOV.

256 2380 321 2422 52.
379 2382 512 2420 Codex
540 2397 581 2420 n.
610 2382 704 2420 265.

141 2449 478 2488 ΪΜθηὼΥεῑηαοοηε
518 2449 562 2487 in
596 2449 667 2487 sol.
704 2454 892 2487 constans
935 2449 988 2498 76
1026 2446 1158 2494 soliis,
1201 2445 1248 2484 X
1296 2458 1398 2483 saec.
1436 2459 1537 2484 exa-

144 2520 282 2563 ratus,
335 2516 464 2553 nitide
513 2522 555 2553 ct
597 2517 804 2568 eleganter
844 2516 1020 2567 scriptus
1065 2519 1106 2551 et
1147 2519 1333 2552 accurate
1368 2526 1390 2550 e
1428 2512 1539 2550 bono

147 2582 374 2634 exemplari
407 2583 578 2632 ‹luctus;
623 2584 755 2621 nullas
799 2590 937 2623 tamen
985 2580 1114 2620 varias
1153 2581 1350 2618 lectiones
1381 2593 1540 2617 memo-

148 2650 296 2690 rabiles
347 2649 528 2689 exhibet.
614 2651 821 2691 Iuvenalis
862 2650 973 2690 XIII
1016 2649 1158 2690 satiras
1214 2647 1374 2703 priores
1423 2645 1544 2685 offert
