1759 3029
448 189 697 230 RERVM
736 188 823 228 ET
861 189 1257 231 VERBORVM

200 302 356 335 Moneta
397 295 591 336 communi*
617 301 718 333 feriat
757 303 826 333 tri-

555 356 609 391 55.
663 359 825 390 Monetae

154 417 248 448 Deae
268 418 441 459 templum
468 428 502 448 11
523 439 533 455 ‚
565 427 598 447 11
613 430 637 448 ι.

200 473 360 507 ,ΖΙΙωηίίία
399 474 492 504 collo
517 485 662 515 posuere
696 484 734 513 2,
767 471 823 506 85.

154 362 244 392 viale
291 372 429 392 carmen
469 373 508 403 7,

201 531 431 563 Dionimenta
449 530 590 561 Latinae
611 532 650 572 ζ),
677 530 731 562 55.

196 587 353 619 Monitis
375 590 562 619 instantem
588 588 650 628 14,
677 599 754 621 210.

199 645 348 676 J’rlonita
374 646 470 675 laevo
498 655 556 684 14,
582 645 656 676 128.

198 702 312 733 Mons
331 703 544 733 subtrahitur
557 702 588 742 1'3,
613 702 690 744 (349.
713 711 821 731 mon-

149 765 224 790 tem
254 758 433 790 adscendit
468 771 503 799 1,
539 758 594 790 82.
633 766 819 797 mercatur,

151 817 211 857 qui
238 815 342 847 densa
375 825 474 847 canet
511 817 600 846 oliva
629 815 700 853 114,
747 814 820 846 144.

151 884 307 904 eversum
348 884 449 914 super
493 873 632 914 agmina
663 870 755 902 fudit
784 870 818 909 5,

151 929 228 962 258.
252 942 312 972 per
332 930 515 962 adversum
541 930 677 962 cucurri
697 929 715 960 5
729 953 736 966 ,
764 939 818 970 77.

148 987 282 1026 rumpit
309 996 405 1018 aceto
432 998 491 1028 10,
528 988 602 1020 153.
631 994 752 1017 monte
774 984 817 1016 de

148 1040 317 1074 Vaticano
338 1045 479 1085 fragiles
502 1045 650 1087 patellas
670 1043 712 1082 6,
739 1042 817 1075 544.

149 1111 168 1130 a
184 1098 320 1132 domito
341 1102 496 1132 referens
511 1102 668 1142 ligonem
684 1111 695 1131 1
707 1112 718 1132 1
734 1124 744 1139 ,
762 1100 817 1143 89.

145 1165 284 1188 montes
328 1165 379 1189 tot
413 1159 468 1188 cui
508 1155 643 1189 servas?
686 1167 724 1200 9,
761 1156 815 1190 54.

145 1214 326 1245 mantibus
344 1214 386 1246 de
421 1213 567 1245 Albanis
600 1222 658 1245 aut
688 1213 818 1245 Setinis

150 1270 283 1311 aliquid
303 1271 400 1302 bibet
419 1273 457 1312 5,
484 1273 538 1305 33.
564 1271 817 1312 Rutulisigno-

145 1335 224 1359 tum
245 1340 387 1360 carmen
415 1328 456 1368 6,
488 1328 565 1371 657-
599 1329 635 1359 in
661 1326 816 1359 Praene-

145 1386 243 1416 stiuis
273 1385 331 1426 14,
363 1385 419 1418 38.
440 1387 475 1416 in
503 1386 622 1427 patriis
655 1384 817 1415 cantabat

145 1453 184 1484 7,
211 1454 288 1474 211.
311 1442 491 1474 montibus
510 1444 547 1474 in
569 1442 678 1485 Libya
699 1452 816 1482 quan-

145 1507 180 1531 to
200 1501 387 1532 :sublimior
403 1501 447 1531 sit
466 1499 563 1530 Atlas
595 1510 629 1530 11
646 1524 655 1539 ,
692 1500 747 1531 25.
778 1500 815 1531 iu

142 1556 215 1588 illis
241 1556 367 1588 diffusa
402 1558 480 1588 vina
516 1567 550 1587 11
567 1581 576 1595 ‚
604 1555 678 1598 ¹59·
703 1566 812 1586 mon-

145 1614 240 1645 tibus
267 1625 390 1645 aurum
411 1621 578 1655 exaequet
602 1623 640 1644 12
655 1637 662 1650 ,
693 1623 768 1655 129.

190 1671 382 1711 Monstro,
412 1670 508 1711 quod
537 1671 607 1712 ipse
634 1669 699 1700 tibi
731 1668 813 1700 dare

142 1729 251 1772 possis
275 1738 335 1768 10,
366 1727 445 1760 565.
470 1728 685 1769 voluptatem
709 1737 814 1767 egre-

142 1787 238 1828 giam
268 1785 328 1826 14,
352 1786 431 1817 2:143.
460 1791 633 1815 monstrat
652 1781 813 1826 pruden-

141 1844 189 1874 tia
211 1844 305 1882 eius,
329 1853 429 1884 posse
449 1849 513 1873 eet.
538 1852 597 1879 10,
622 1840 679 1873 48.
704 1851 814 1872 mon-

140 1908 251 1932 strant
275 1911 363 1941 quae
385 1900 449 1942 ipsi
473 1900 590 1941 pueris
615 1898 672 1937 14,
697 1897 729 1929 5.
749 1897 815 1929 hoc

140 1958 256 2002 pueris
299 1950 502 1998 repentibus
539 1955 677 1987 vetulae
723 1966 815 1986 assae

144 2013 204 2053 14,
239 2014 315 2046 208.
352 2020 548 2044 monstrare
575 2012 718 2053 qualem
747 2022 814 2042 ne-

142 2083 230 2115 queo
261 2078 396 2109 vatem,
432 2077 466 2100 et
494 2070 606 2101 sentio
626 2075 763 2100 tantum
783 2079 814 2111 7,

143 2128 198 2161 56.
229 2139 380 2170 quorum
410 2137 517 2157 nemo
536 2134 641 2168 queat
662 2127 813 2168 patriam

140 2187 295 2229 parentis
322 2183 364 2225 8,
397 2183 453 2215 45.
471 2184 542 2215 vias
572 2195 644 2215 non
662 2185 729 2215 nisi
751 2195 813 2214 ea-

141 2241 224 2273 dem
246 2250 338 2273 sacra
359 2241 490 2272 colenti
515 2241 577 2280 14,
606 2240 683 2273 103.
703 2251 813 2272 mon-

141 2306 269 2330 strante
304 2299 385 2339 gula
414 2310 498 2330 caua
532 2298 593 2338 14,
629 2308 682 2330 10.
701 2309 812 2329 mon·-

141 2363 270 2386 stratur
298 2354 364 2385 tibi
394 2355 526 2386 femina
551 2355 599 2394 -6,
623 2353 680 2387 60.
704 2364 811 2386 mon-

143 2416 268 2443 strata
298 2410 359 2442 diu
383 2411 516 2443 veteris
546 2410 663 2442 trahit
689 2410 812 2443 orbita

139 2466 268 2511 culpae
309 2467 369 2509 14,
407 2467 693 2511 57.-moustratos
722 2470 811 2502 ictus

144 2524 183 2566 6,
209 2526 287 2556 2531·

187 2583 398 2615 DIvnstrum
443 2580 510 2612 hoc
550 2592 715 2625 comparo
749 2582 811 2614 bi·-

138 2639 294 2672 membri
323 2649 432 2680 puero
464 2644 522 2669 aut
549 2638 720 2671 mirandis
745 2639 810 2670 sub

140 2704 253 2728 aratro
289 2695 443 2738 piscibus
473 2696 621 2727 inventis
654 2704 688 2727 et
719 2696 810 2727 fetae

141 2755 280 2795 mulae,
306 2753 487 2794 sollicitus,
510 2753 694 2795 tamquam
713 2753 808 2796 lapi—-

1469 189 1554 243 475

885 301 946 334 des
992 302 1156 334 effuderit
1211 302 1328 335 imber
1365 314 1553 336 examenve

883 360 1002 401 apium
1033 360 1137 401 longa
1170 359 1367 392 consederit
1398 372 1462 393 uva
1486 370 1553 393 cet.

884 417 923 448 15
939 440 948 455 ,
974 416 1017 448 64
1028 427 1102 458 sqq.
1133 417 1264 458 grande
1278 426 1311 449 et
1323 419 1553 461 conspicuum

880 480 998 504 nostro
1033 484 1171 514 quoquc
1212 483 1371 517 tempore
1400 475 1440 514 4,
1476 473 1550 506 115.

881 529 1086 562 detestabile
1111 529 1171 570 15,
1204 543 1275 564 121.
1296 532 1361 564 hoc
1391 533 1471 563 vicit
1491 531 1551 562 su-

879 588 976 618 sciua
1000 586 1150 619 Gracchi
1172 599 1190 619 2
1206 613 1214 627 ,
1252 590 1326 622 143.
1352 589 1452 619 nulla
1477 589 1551 620 vir-

878 653 950 676 tute
991 644 1193 676 redemtum
1232 657 1249 676 a
1290 647 1382 677 vitiis
1427 645 1470 687 4,
1520 658 1552 678 2.

879 701 1021 733 rhombi
1055 702 1100 741 4,
1147 702 1203 733 45.
1245 703 1344 746 quod
1383 702 1547 743 ulterius,

878 769 986 803 quam
1034 757 1153 790 mollis
1199 760 1369 791 avarus?
1413 772 1460 804 9,
1494 762 1549 794 56.

878 824 1043 847 monstra
1064 815 1198 848 Oceani
1221 816 1280 857 14,
1316 817 1394 849 285.
1419 820 1550 850 maiora

876 874 1014 905 scilicet
1045 880 1206 916 putares,
1242 875 1269 906 si
1298 875 1429 906 mulier
1455 876 1550 907 vitu-

877 931 975 970 lum,
1012 932 1070 962 vel
1098 931 1126 961 si
1164 932 1226 963 hos
1261 931 1380 962 ederet
1417 944 1549 973 agnum

875 998 916 1028 2,
945 999 1019 1020 122.
1047 988 1121 1020 123.
1144 988 1227 1021 haec
1260 987 1381 1021 unde?
1406 987 1446 1028 6,
1473 990 1552 1022 286.

875 1044 1020 1086 grandia
1040 1047 1111 1076 suis
1132 1046 1309 1078 audebant
1320 1047 1550 1089 temporibus,

874 1099 936 1132 sed
970 1112 1040 1133 non
1069 1111 1211 1144 propter
1240 1115 1365 1135 numos
1395 1104 1434 1144 6,
1469 1104 1548 1142 645,

875 1160 1040 1190 monstris
1072 1163 1221 1191 summis
1256 1160 1404 1193 debetur
1432 1164 1549 1195 minor

875 1213 1059 1246 admiratio
1088 1213 1131 1255 6,
1157 1214 1236 1259 647.

920 1272 1108 1302 ..Ἠον-Ιαηα
1127 1284 1214 1304 uxor
1227 1285 1336 1315 quum
1352 1276 1547 1308 silvestrem

874 1335 1046 1359 sterneret
1068 1336 1186 1361 ἴοι-11111
1207 1331 1394 1364 frondibus
1422 1341 1455 1364 et
1466 1335 1547 1365 cul-

874 1395 935 1415 mo
965 1383 1007 1424 6,
1040 1385 1071 1417 5.
1108 1394 1320 1418 montanum
1360 1392 1484 1432 vulgus
1515 1400 1547 1423 te

875 1439 1011 1472 audiret
1033 1449 1098 1473 cet.
1115 1454 1154 1483 2,
1187 1444 1242 1486 74.
1259 1448 1419 1478 montani
1442 1460 1546 1492 aspa-

873 1498 947 1538 ragi
976 1507 1012 1528 11
1027 1522 1036 1536 ‚
1056 1497 1111 1531 68.

919 1555 1129 1588 Montanus
1176 1557 1216 1598 4,

870 1618 992 1641 venter
1014 1612 1057 1650 4,
1087 1623 1160 1654 107.

918 1667 1165 1700 Monumenta
1176 1695 1185 1710 ‚
1204 1682 1235 1703 v.
1251 1671 1497 1708 Monimenta.

915 1724 1122 1767 Monychus

1267 1559 1325 1591 151
1334 1582 1342 1590 .
1382 1558 1545 1594 Montani

1186 1737 1330 1771 quantas
1373 1730 1546 1768 iaculetur

870 1791 975 1812 ornos
998 1792 1010 1812 1
1024 1806 1037 1822 ,
1065 1793 1118 1816 11.

918 1837 1029 1870 Mora
1047 1841 1075 1871 si
1095 1840 1236 1883 longior
1257 1843 1395 1876 Urbem
1416 1846 1541 1880 indul-

873 1897 916 1927 sit
934 1898 1052 1938 pueris
1071 1909 1103 1938 2,
1131 1899 1206 1942 167.
1223 1901 1322 1932 nulla
1339 1913 1402 1945 per
1420 1905 1541 1946 ipsam,

874 1963 943 1993 quo
971 1955 1088 1986 minus
1117 1955 1158 1995 6,
1190 1955 1269 1989 553.
1290 1969 1353 2000 per
1375 1959 1540 2002 Novium,

874 2009 960 2050 quin
992 2020 1054 2051 10,
1106 2022 1179 2045 111.
1216 2015 1362 2054 parvula
1402 2016 1541 2051 dabitur

876 2076 927 2105 10,
952 2066 1031 2099 340.
1048 2079 1168 2100 morae
1189 2071 1377 2114 impatiens
1398 2075 1436 2114 6,
1461 2077 1539 2109 238.

871 2122 951 2166 527.
972 2125 1075 2155 mille
1102 2125 1157 2166 16,
1183 2126 1240 2159 44.

876 2197 879 2199 -
916 2180 1040 2212 Morbi
1054 2182 1136 2214 inde
1155 2192 1257 2226 caput
1275 2184 1307 2225 5,
1334 2185 1413 2219 236.
1435 2200 1538 2222 mor-

870 2236 957 2269 bum
977 2240 1072 2271 vultu
1092 2239 1221 2272 fatetur
1257 2252 1297 2282 2,
1327 2254 1376 2286 17.
1392 2247 1540 2280 missum

869 2293 914 2325 ad
933 2306 993 2327 sua
1014 2307 1159 2339 corpora
1179 2298 1222 2329 ab
1243 2299 1372 2330 infesto
1393 2302 1541 2337 credunt

868 2354 1014 2386 numine
1051 2355 1107 2392 13,
1140 2354 1218 2386 230.
1245 2357 1372 2388 morbo
1408 2358 1539 2393 donare

868 2421 889 2453 9
903 2433 912 2449 ,
936 2411 992 2452 49.
1019 2418 1166 2450 utroque
1185 2411 1295 2452 pallet
1314 2425 1356 2453 2,
1388 2415 1442 2448 50.
1465 2420 1537 2450 sic-

867 2465 915 2498 cis
936 2465 1096 2497 faucibus
1121 2466 1178 2507 15,
1213 2478 1292 2501 212.
1325 2473 1534 2508 morborum

868 2533 972 2553 omne
994 2533 1103 2564 genus
1117 2533 1168 2563 10,
1186 2535 1264 2568 2¹9·
1282 2528 1415 2562 morbis
1433 2543 1535 2564 care—

867 2578 921 2610 bis
950 2579 1008 2619 14,
1037 2577 1111 2612 156.
1441 2576 1442 2579 Ἰ

912 2636 1088 2668 Mordeat
1106 2644 1186 2669 ante
1196 2638 1334 2682 aliquis,
1358 2642 1534 2686 quidquid

867 2694 1059 2737 porrexerit
1078 2702 1192 2726 mater
1214 2696 1246 2736 6,
1272 2696 1352 2732 652.
1371 2701 1535 2734 mordere

868 2750 1015 2784 cadaver
1045 2751 1108 2792 15,
1144 2752 1200 2798 87.
1235 2754 1355 2788 sordes
1383 2757 1484 2790 farris
1503 2758 1535 2799 5,
