1759 3029
551 117 1024 161 ROMANORVM

1403 132 1480 158 Lxx

98 233 266 286 poribus
312 232 591 285 similibusque
638 233 869 285 priscorum
916 232 1113 272 festorum
1165 241 1205 273 et
1241 248 1483 287 pomparum

99 301 345 349 solennibus,
383 300 435 338 de
464 302 609 353 quibus
636 314 758 352 supra
787 300 886 348 dixi,
916 306 958 338 et
997 301 1146 338 exinde
1186 303 1265 340 iam
1305 303 1485 353 viguisse

97 368 263 406 videtur
290 382 372 406 non
400 368 500 406 alius
528 383 627 417 mos,
657 382 776 420 quam
822 368 1060 406 notissimus
1098 369 1179 416 ine,
1217 384 1336 421 quem
1375 370 1485 407 Dio-

99 436 238 486 nysius
269 435 415 472 seriori
440 440 598 472 tantum
625 449 723 473 aevo
753 435 921 473 tribuit:
952 434 1028 476 νῦν
1056 436 1097 475 δὲ
1119 432 1328 487 ποιήματα
1359 435 1488 489 ᾄδου-

99 518 166 543 σιν
192 498 451 555 αὐτοσχέδια,
491 501 530 539 h.
561 516 595 540 e.
634 516 775 540 versus
804 502 1034 541 inconditos
1061 509 1102 540 et
1131 504 1395 542 Fescenninis
1426 506 1487 543 si·-

97 570 226 608 miles.
251 567 289 592 ⁴¹

98 651 152 675 ex
168 636 242 683 ›his
273 638 360 675 eius
395 638 532 676 verbis
571 639 853 689 cognoscitur:

347 570 566 607 Praeterea
604 570 771 621 Satyros
808 571 901 608 illos
935 585 1019 609 non
1059 571 1137 609 nisi
1165 572 1315 608 Mimos
1347 572 1486 621 fuisse,

914 634 1033 680 οὗτοι
1070 639 1111 678 δὲ
1146 634 1333 689 Σάτυροι
1366 640 1488 680 κατέ-

97 700 288 746 σκωπτόν
309 720 351 745 τε
372 705 442 744 καὶ
461 704 757 757 κατεμιμοῦντο
781 702 855 753 τοὶς
876 706 1103 753 σπουδαίας
1121 702 1317 755 κινήσεις,
1343 706 1410 746 ἐπὶ
1433 703 1488 748 zo?

94 767 330 824 γελοιότερα
354 773 663 827 μεταφέροντες.
720 773 867 824 Neque
903 773 1007 810 illud
1036 773 1267 821 mirabitur,
1297 775 1366 825 qui
1395 788 1486 812 me-

93 839 276 887 minerit,
305 852 389 876 non
417 845 576 878 ‘tantum
606 853 766 891 graecas
796 854 918 879 voces
948 835 1136 892 σάτυροι,
1176 843 1409 894 σατυρίζειν
1443 848 1486 879 et

96 901 317 958 σατυρικὸς
345 905 395 943 ad
427 919 567 944 omnes
594 921 787 958 personas
818 914 860 945 et
896 921 963 945 res
990 909 1190 946 ioculares
1226 915 1348 961 atque
1376 909 1486 948 hila-

96 974 231 1011 ritatis
267 987 414 1025 parum
459 973 654 1012 honestae
692 975 832 1026 plenas
869 975 1108 1023 transferri,
1130 972 1175 998 ⁴²
1225 977 1298 1014 sed
1334 978 1488 1017 Mimos

98 1042 224 1079 etiam
267 1048 310 1079 et
349 1041 628 1079 Pantomimos
669 1056 787 1094 saepe
826 1048 916 1080 tum
954 1043 1136 1081 induisse
1174 1058 1367 1095 personas
1412 1047 1488 1084 Sa-

97 1115 289 1160 tyrorum
325 1107 544 1157 ridiculas,
594 1116 683 1147 tum
714 1110 851 1160 egisse.
910 1110 1020 1147 Hinc
1059 1125 1222 1162 quoque
1253 1112 1303 1149 ad
1340 1114 1488 1152 mimos

96 1178 249 1230 potius,
280 1190 399 1228 quam
425 1175 476 1213 ad
505 1176 662 1214 fabulas
701 1180 787 1214 sive
819 1178 1013 1228 satyricas
1055 1179 1140 1215 sive
1167 1179 1385 1228 Atellanas,
1416 1194 1487 1220 re-

97 1245 266 1283 tulerim
294 1245 385 1282 loca
408 1242 612 1282 Athenaei
643 1251 685 1283 et
712 1246 838 1284 Marii
862 1245 1082 1300 Victprini,
1112 1259 1213 1297 quae
1245 1260 1368 1298 supra
1394 1250 1487 1287 lau-

100 1312 204 1350 davi.
235 1312 316 1350 Hic
338 1310 456 1348 affert
484 1324 648 1349 versum
675 1312 895 1351 iambicum
926 1312 1168 1351 dimetrum:
1199 1315 1341 1365 Agilo,
1364 1318 1488 1369 fi‘gi'

99 1390 151 1430 te,
201 1381 373 1433 quatite,
414 1378 581 1429 Satyri5
629 1393 709 1432 quo
737 1380 861 1418 finem
901 1379 1062 1418 sactum
1102 1394 1191 1418 esse
1220 1383 1356 1430 mimo,
1385 1398 1486 1435 pro-

97 1448 232 1487 babile
273 1446 321 1484 fit
356 1460 410 1484 ex
441 1446 525 1484 Cic.
567 1461 643 1499 pro
685 1447 828 1486 Coelio
867 1461 899 1485 c.
929 1459 995 1495 27.

99 1525 174 1561 est,
205 1529 289 1553 non
320 1515 496 1566 fabulae
508 1532 520 1553 .-

1055 1449 1185 1484 M'imj
1227 1451 1314 1486 iam
1353 1454 1487 1489 exitas

578 1517 624 1552 in
657 1529 735 1566 quo
761 1529 886 1566 quum
922 1515 1113 1552 clausula
1144 1530 1226 1552 non
1260 1519 1485 1563 invenitur,

93 1585 216 1635 fitgit
241 1583 398 1633 aliquis
429 1597 450 1619 e
470 1583 678 1626 manibus,
713 1583 860 1619 deinde
890 1582 1071 1620 scabella
1107 1593 1370 1632 concrepant,
1408 1600 1488 1622 αιι-

101 1652 238 1689 Iaeum
255 1649 425 1688 tollitur.
442 1645 481 1670 ⁴³
528 1649 605 1686 Ille
634 1655 846 1697 memorat,
872 1649 1026 1687 Sullam
1053 1649 1202 1699 insigni
1226 1649 1370 1688 favore
1401 1665 1489 1689 am-

149 1761 190 1793 41
221 1757 277 1790 Cf.
295 1756 409 1790 Nadal
427 1759 464 1789 in
482 1757 571 1791 Hist.
582 1757 625 1790 de
635 1757 766 1790 I’Acad.

102 1815 163 1849 des
175 1814 294 1858 Inscr01
312 1814 354 1845 Τ.
374 1813 440 1846 ΙΙΙ.
467 1815 570 1858 p.96.
619 1813 766 1847 casaub.

101 1871 228 1918 p.244.
247 1879 280 1902 et
300 1871 502 1903 Eichstaedt
520 1883 557 1914 p.
575 1870 630 1904 54.
649 1871 707 1904 55.

149 1931 193 1962 42
227 1928 283 1962 Cf.
310 1926 507 1961 casaubon.
534 1940 614 1971 pag.
643 1931 697 1973 94.
711 1929 765 1974 95.

103 1989 226 2022 Heius.
267 1997 302 2029 p.
332 1983 384 2019 18.
422 1987 524 2019 Voss.
552 1986 638 2034 Inst.
670 1988 768 2020 Poet-

102 2047 151 2086 ΙΙ,
175 2055 226 2088 19.

149 2102 193 2135 43
227 2100 281 2132 De
324 2098 495 2132 scabellis
536 2112 565 2133 s.
604 2100 771 2134 scabillis

107 2168 301 2200 eorumque
322 2158 456 2200 crepitu
475 2169 506 2189 v.
525 2157 664 2190 Ernesti
683 2160 770 2191 clav.

105 2216 179 2250 Cic.
210 2223 244 2247 et
276 2214 415 2255 Ziegler
443 2214 486 2246 de
522 2214 642 2246 Mimis
668 2215 770 2248 Rom.

105 2284 187 2320 pag.
214 2271 270 2305 26.
331 2271 384 2304 De
416 2283 517 2304 versu
549 2280 667 2304 autem
694 2273 771 2307 illo,

109 2341 217 2372 quem
251 2341 294 2363 ex
329 2329 448 2365 fabula
478 2330 594 2370 aliqua
626 2331 771 2374 satyrica

107 2388 260 2430 petitum
279 2387 448 2429 putabant
474 2385 622 2418 casaub.
640 2399 676 2429 p.
692 2387 770 2420 245.

107 2443 248 2485 Koenig
277 2456 312 2486 p.
342 2443 396 2476 24.
418 2451 451 2474 et
482 2444 561 2483 alii,
612 2445 659 2475 ita
696 2443 771 2475 dis-

105 2507 208 2546 putat
245 2492 447 2532 Eichstaedi:
474 2511 551 2543 pag.
574 2512 629 2546 79.
676 2502 770 2543 „Ille

105 2569 224 2589 versus
263 2558 421 2600 primum
457 2559 611 2597 universe
645 2561 772 2591 allatus

106 2622 160 2646 cst
178 2622 212 2647 et
245 2625 286 2645 eo
316 2613 446 2655 modo,
487 2604 562 2658 qut}
580 2615 770 2648 Gramma-

111 2673 173 2705 tici
196 2671 292 2704 abuti
319 2671 444 2713 solent,
474 2671 512 2704 id
538 2681 599 2714 est,
622 2684 694 2705 non
712 2675 771 2707 in-

825 1759 940 1792 dicato
983 1759 1101 1799 fonte,
1139 1759 1233 1791 unde
1272 1759 1396 1792 ductus
1431 1763 1489 1796 sit.

823 1815 961 1848 Deinde
991 1824 1087 1847 tanto
1118 1817 1148 1847 ei
1175 1818 1292 1847 minus
1320 1817 1400 1850 fidei
1420 1819 1488 1850 ha-

823 1872 984 1904 bendum
1027 1872 1137 1913 duco,
1174 1882 1304 1914 quanto
1331 1877 1487 1908 manife-

823 1931 909 1962 stius
931 1938 990 1970 est,
1008 1929 1172 1968 Malum,
1194 1938 1230 1960 ut
1250 1932 1387 1972 singula
1408 1946 1489 1966 me-

824 1995 962 2019 trorum
1009 1997 1135 2028 genera
1186 1990 1355 2030 exemplis
1399 1992 1489 2024 illu..

825 2052 960 2084 strant,
986 2052 1019 2075 et
1061 2044 1147 2076 alibi
1188 2055 1310 2087 suopte
1346 2049 1489 2090 ingenio

828 2103 1034 2135 confinxisse
1062 2114 1188 2142 versus,
1217 2105 1275 2144 qui
1306 2103 1489 2139 declaratis

826 2160 983 2191 numeris
1010 2159 1280 2202 responderent,
1320 2169 1352 2190 et
1379 2170 1492 2193 metra

827 2217 863 2248 in
902 2217 1044 2258 primis,
1082 2215 1299 2247 Graecorum
1330 2225 1490 2250 tantum-

827 2273 937 2305 modo
973 2282 1156 2316 poetarum
1195 2285 1258 2304 usu
1297 2274 1494 2317 nobilitata,

1416 2334 1492 2367 Cu·-

827 2390 879 2420 ius
899 2389 950 2419 rei
971 2388 1195 2419 luculentum
1217 2390 1420 2431 exemplum
1430 2392 1491 2422 in·-

827 2447 906 2477 veni
928 2445 993 2477 lib.
1015 2444 1060 2476 II.
1088 2456 1122 2487 p.
1140 2444 1272 2477 2546.“
1322 2444 1489 2479 Ceterum

827 2332 944 2362 latinis
968 2332 1124 2362 numeris
1150 2333 1365 2372 expressisse.

828 2514 869 2534 ex
898 2500 970 2534 Cic.
1009 2502 1035 2535 l.
1060 2503 1084 2534 l.
1110 2503 1335 2544 intelligitur,
1360 2503 1491 2544 Nimia

826 2561 854 2591 si
876 2571 946 2591 non
973 2561 1143 2591 unitatem
1169 2562 1332 2599 actionis,
1359 2572 1491 2593 nexum

827 2626 946 2648 tamen
975 2625 1008 2648 et
1034 2618 1258 2657 solutionem,
1290 2618 1490 2658 gravissima

827 2673 969 2706 fabulae
1010 2683 1200 2713 momenta,
1236 2674 1410 2713 defuisse3
1456 2681 1490 2708 et
