1759 3029
249 105 305 162 96

605 103 657 141 D.
696 102 831 143 IVN.
877 102 1273 143 IVVENALIS

251 215 386 260 Pusio
401 247 413 268 ,
439 214 517 272 qui
544 223 681 258 noctu
704 230 796 257 non
823 215 993 272 litigat,
1023 216 1165 273 exigit
1187 233 1212 258 a
1233 225 1279 259 te
1580 215 1635 260 35

246 283 383 328 Nulla
408 283 556 324 iacens
584 282 677 326 illic
707 284 993 334 munuscula,
1030 299 1112 325 nec-
1140 285 1373 339 querstur,
1404 281 1525 340 quod

246 352 308 394 Et
334 351 463 393 lateri
492 365 646 407 parcas
675 364 779 402 nec,
819 360 1037 407 quantum
1063 352 1213 404 iussit,
1250 351 1444 393 anheles.

248 418 339 462 Sed
366 418 511 474 placet
540 417 721 459 Ursidio
745 418 823 459 lex
852 418 990 460 Iulia:
1033 420 1186 461 tollere
1217 419 1393 461 dulcem

247 486 426 543 Cogitat
450 484 665 527 heredem
690 485 914 527 cariturus
950 494 1127 528 turture
1166 502 1330 543 magno

243 555 585 609 Mullorumque
611 553 726 594 iubis
759 560 801 593 et
830 562 1056 609 captatore
1084 556 1285 595 macello.

1581 553 1638 595 40

246 622 374 681 Quid
399 620 501 663 fieri
527 635 618 661 uon
647 634 780 676 posse
804 629 957 676 putes,
997 620 1033 661 si
1069 620 1274 677 iungitur
1306 619 1398 662 ulla

244 688 430 732 Ursidio
446 688 466 729 ἶ)
497 687 535 729 si
562 686 857 727 moechorum
883 686 1139 728 notissimus
1168 687 1277 728 olim

245 757 391 802 Stulta
418 753 615 796 maritali
643 755 735 795 iam
761 754 958 811 porrigit
986 769 1068 795 ora
1104 754 1315 812 capistro,

246 825 402 881 Quem
432 822 563 863 toties
592 820 708 862 texit
735 821 930 877 perituri
974 822 1082 863 cista
1110 821 1295 863 Latini?

246 890 409 948 Quid?
446 888 567 945 quod
598 895 642 929 et
669 887 864 943 antiquis
893 903 1017 930 uxor
1057 887 1111 928 de
1140 887 1346 928 moribus
1374 886 1441 929 illi

570 955 636 1006 Ο,
676 954 866 1006 medici,
906 954 1104 996 mediam
1132 953 1391 1012 pertundite
1425 955 1611 997 venam!

765 1021 1015 1078 Tarpeium
1045 1022 1187 1063 limen
1227 1021 1366 1064 adora

244 957 510 1016 Quaeritur.

242 1023 439 1068 Delicias
479 1021 677 1063 hominis
694 1023 704 1062 1

1583 886 1640 933 45

244 1094 422 1135 Pronus
453 1098 497 1131 et
526 1096 729 1130 amatam
754 1088 920 1130 Iunoni
951 1089 1083 1131 caede
1109 1089 1364 1142 iuvencam,

245 1159 295 1203 Si
321 1158 405 1201 tibi
435 1154 674 1212 contigerit
703 1154 860 1211 capitis
890 1164 1101 1198 matrona
1126 1156 1294 1214 pudici.

243 1228 418 1270 Paucae
448 1223 557 1265 adeo
591 1221 771 1263 Cereris
800 1222 931 1264 vittas
961 1223 1222 1280 contingere
1253 1223 1427 1280 dignae,
1587 1224 1642 1267 50

245 1293 459 1351 Quarum
488 1305 582 1332 non
607 1289 764 1331 timeat
790 1297 919 1346 pater
947 1292 1111 1332 oscula.

1177 1292 1316 1333 Necte
1346 1305 1562 1335 eoronam

244 1360 453 1404 Postibus
481 1366 525 1400 et
561 1357 719 1398 densos
749 1371 833 1413 per
862 1356 1021 1398 limina
1057 1357 1188 1399 tende
1218 1358 1475 1415 corymbos.

244 1428 376 1470 Unus
406 1425 613 1467 Iberinae
642 1424 715 1465 vir
745 1422 947 1466 sufficit?

1007 1425 1144 1466 Ocius
1173 1425 1288 1466 illud

241 1491 578 1551 Extorquebis,
617 1499 669 1534 ut
696 1490 808 1531 haec
840 1492 972 1533 oculo
1002 1500 1212 1534 contenta
1242 1492 1299 1534 sit
1326 1507 1435 1534 uno.

243 1662 387 1695 cabatur
409 1661 567 1701 Rutgers.
595 1671 664 1691 var.
686 1659 783 1689 lectt.
805 1669 835 1700 2,
860 1670 910 1702 ¹7·

244 1727 279 1750 et.
311 1717 456 1760 quidem
474 1716 617 1760 pygio,
652 1715 801 1746 verbum
831 1716 911 1747 effi·-

243 1784 342 1807 ctum
362 1787 379 1805 a
400 1772 501 1816 πυγὴ,
526 1781 631 1813 nates,
659 1773 790 1812 clunes,
817 1771 909 1804 unde

246 1835 394 1875 πυγαῖος
416 1831 511 1862 salax
528 1842 554 1862 s.
578 1827 753 1861 cinaedus.

289 1922 345 1955 58.
381 1921 529 1953 Urcidio
562 1920 616 1952 48.
671 1918 827 1950 Ursiodo
856 1917 907 1950 16.

242 1981 286 2012 L.
316 1977 496 2010 Fursedio
533 1977 709 2008 Postumo
745 1977 909 2017 inscripta

244 2046 295 2069 est
314 2036 399 2068 haec
421 2034 492 2065 Sat.
508 2035 543 2064 in
568 2032 601 2065 8.
624 2041 657 2064 et
676 2031 786 2064 tribus
806 2030 908 2062 codd.

242 2093 352 2126 Paris.
397 2089 467 2122 Sed
493 2090 596 2120 metri
624 2090 719 2131 leges
739 2088 911 2121 Fun-edii

241 2160 375 2182 nomen
389 2158 461 2179 non
479 2146 681 2179 admittunt.
705 2144 908 2178 Cf.Comm.

240 2206 290 2239 ad
309 2219 340 2238 v.
359 2217 416 2238 21.

289 2299 346 2329 42.
407 2293 633 2328 moechorum
679 2291 911 2336 turpissimus

245 2354 357 2387 edidit
401 2353 603 2392 Maittaire,
651 2348 747 2393 quod
792 2349 909 2380 nescio

243 2411 338 2445 unde
360 2409 533 2442 habuerit.

288 2488 562 2531 lili-periturum
586 2489 638 2521 16.
659 2495 693 2519 et
719 2485 776 2519 83.
808 2482 909 2528 prob.

244 2545 452 2578 Schradero.
483 2546 622 2588 periuri
644 2545 734 2576 bene
755 2543 847 2575 coni.
868 2542 911 2574 H.

244 2602 360 2636 Vales.
379 2610 414 2635 et
435 2601 613 2634 Heinrich.
639 2614 670 2634 v.
694 2600 833 2633 comm.
866 2597 911 2631 ad

248 2670 281 2701 1,
302 2657 358 2692 56.

1019 1659 1075 1691 48.
1122 1658 1301 1692 bidentem
1345 1671 1408 1703 pro
1455 1659 1645 1692 iuvencam

971 1716 1126 1758 quidam,
1153 1717 1243 1748 forte
1270 1718 1350 1759 quia
1376 1724 1555 1756 noverant,
1584 1716 1644 1748 bi-

970 1772 1113 1805 dentem
1137 1774 1264 1806 Iunoni
1288 1785 1424 1805 sacrum
1453 1785 1537 1805 esse.
1571 1772 1644 1805 Sed

969 1831 1114 1863 auratis
1131 1829 1301 1863 cornibus
1325 1829 1469 1861 hostias
1488 1829 1646 1861 maiores

969 1886 1167 1919 dumtaxat
1186 1887 1395 1919 immolatas
1416 1897 1514 1923 esse,
1537 1897 1643 1928 prae—

968 1950 1020 1973 ter
1041 1945 1128 1975 alios
1149 1943 1252 1975 docet
1276 1943 1410 1975 Plinius
1429 1941 1592 1983 XXXIII,
1610 1942 1644 1974 5.

1012 1998 1068 2031 52.
1094 2006 1199 2032 necte
1217 2012 1281 2043 pro
1303 2000 1411 2031 tende
1438 1999 1488 2031 15.
1510 1998 1562 2030 16.
1593 2010 1646 2042 17.

968 2054 1021 2088 25.
1046 2055 1101 2088 26.
1128 2056 1293 2089 45—48.
1319 2054 1480 2087 55—61.
1505 2054 1560 2088 65.
1588 2053 1645 2087 64.

967 2110 1021 2144 65.
1050 2121 1083 2144 et
1117 2113 1263 2155 quidam
1291 2111 1394 2145 codd.
1417 2111 1523 2144 Paris.
1571 2111 1644 2144 Sed

967 2169 1014 2201 ita
1044 2168 1141 2201 idem
1173 2170 1321 2203 verbum
1344 2177 1571 2212 repeteretur.

1012 2257 1068 2291 55.
1102 2258 1184 2291 Post
1207 2257 1342 2302 sufficit
1377 2257 1581 2302 Grangaeus
1609 2268 1645 2292 et

967 2316 1027 2348 alii
1051 2317 1107 2347 vel
1132 2325 1303 2358 punctum
1329 2316 1384 2347 vel
1409 2318 1551 2358 signum
1579 2328 1644 2349 ex-

968 2374 1073 2404 clam.
1099 2385 1171 2405 non
1201 2376 1404 2415 interrogat.
1432 2381 1578 2415 ponunt,
1605 2380 1646 2405 ut

966 2431 1035 2461 sint
1057 2429 1162 2461 verba
1183 2429 1343 2462 Postumi
1362 2440 1456 2462 unus
1474 2428 1645 2461 Iberinae

966 2487 1021 2519 vir
1048 2484 1193 2529 sufficit,
1226 2487 1260 2518 h.
1280 2499 1309 2519 e.
1335 2499 1413 2518 mea
1439 2498 1527 2518 uxor
1551 2495 1644 2521 casta

968 2551 1018 2574 est
1043 2544 1099 2574 vel
1127 2545 1202 2584 erit,
1227 2552 1261 2575 et
1284 2530 1389 2584 erras,
1416 2544 1475 2585 qui
1502 2543 1641 2574 nullam

967 2608 1066 2644 putas
1098 2601 1247 2633 inveniri
1283 2599 1463 2643 pudieam.
1511 2599 1583 2632 Sed
1610 2611 1643 2632 v.

967 2654 1109 2690 Comm-
