1759 3029
466 135 935 177 ROMANORVM
986 136 1240 177 POETIS
1437 150 1560 176 xxxv

168 240 323 289 satirae
368 252 456 289 eius
494 257 536 289 et
570 251 670 291 sales
706 251 928 289 laudantur
960 252 1003 289 in
1034 252 1167 302 Epist.
1202 253 1370 290 XV.--
1402 251 1480 289 CA
1497 252 1561 289 E-⁴

168 317 333 356 CINA
358 318 619 356 DECIVS
647 319 982 366 ALBINVS,
1010 319 1144 356 Praef.
1171 319 1278 357 Urbi
1307 325 1349 357 ct
1383 319 1559 357 Tusciae

162 387 425 435 regnantibus
471 387 661 423 Honorio
704 393 744 424 et
787 385 1021 423 Theodosio
1054 386 1130 433 IL,
1171 393 1240 422 aut
1275 387 1411 437 potius
1439 392 1559 438 pater

163 452 249 489 eius
292 453 613 491 LVCILLV
631 454 657 490 S
703 455 770 491 vel
799 453 887 491 LV
908 453 1205 500 CVLLVS,
1248 468 1368 504 quoni
1411 455 1557 491 Turno

162 525 206 556 ct
248 520 436 559 Im·ena]i
484 527 629 572 aequat
675 521 858 558 Rutilius
896 521 938 558 in
976 522 1196 558 Itinerario
1231 521 1261 568 Ι,
1296 522 1374 571 599
1409 535 1489 573 seq.
1514 526 1558 558 et

162 585 213 624 de
261 602 340 639 quo
373 588 492 626 docte
529 603 573 626 ac
616 590 779 640 copiose
822 589 905 639 egit
942 587 1202 626 errnsdors
1226 588 1267 625 in
1299 588 1414 625 Poet.
1461 588 1556 626 Lat.

162 653 266 692 Min.
314 656 363 693 T.
414 657 489 693 ΠΙ.
533 670 571 708 p.
613 657 745 694 XXII
791 671 872 708 seq.
924 656 973 693 T.
1011 656 1083 693 IV.
1130 669 1169 705 p.
1218 657 1309 692 8222.
1347 661 1387 692 et
1417 656 1465 691 T.
1499 656 1552 693 V.

161 735 200 773 p.
236 724 392 762 182-
421 723 767 761 RVSTICVS
795 723 1159 770 ELPIDIVS,
1199 720 1451 759 Theodorjci
1473 723 1558 759 Ita·

160 787 240 826 liae
275 790 379 840 regis
403 789 584 827 medicus
605 820 614 837 ,
645 791 718 842 qui
744 791 842 828 olim
878 804 920 827 se
955 790 1097 827 dolore
1135 790 1186 827 ob
1215 789 1386 826 iniurias
1418 804 1441 826 a
1462 790 1558 841 qui—

161 855 330 894 busdam
363 863 547 909 acceptas
577 858 791 895 incensum
824 858 976 895 Satiras
1011 858 1223 908 scripsisse
1260 870 1407 908 easque
1441 863 1560 908 post-

159 937 207 962 ea
249 923 458 962 damnasse
506 924 727 977 profitetur
767 927 811 963 in
858 926 1037 963 carmine
1071 925 1121 962 de
1170 923 1325 962 Christi
1360 925 1455 962 Iesu
1480 925 1558 962 be-

158 991 315 1028 neficiis
357 1007 396 1044 p.
443 994 534 1042 757.
581 994 696 1031 Poet.
742 993 884 1031 eccles.
932 993 1007 1031 Ge.
1054 992 1313 1030 Fabricii.—-
1345 991 1556 1030 CLAV—

156 1057 325 1097 DIVS
377 1059 646 1099 MARIVS
700 1060 975 1099 VICTOR
1024 1060 1290 1098 Massiliensis
1331 1058 1477 1097 rhetor
1517 1064 1560 1097 et

157 1132 300 1177 poeta,
338 1133 526 1165 mortuus
575 1127 812 1165 Theodosio
869 1142 915 1166 ac
957 1127 1251 1165 Valentiniano
1279 1127 1558 1176 regnantibus,

159 1200 303 1231 auctor
345 1193 555 1245 Epistolae
596 1195 646 1234 ad
685 1195 920 1233 salmonem
948 1195 1153 1233 Abbatem
1188 1195 1255 1231 vel
1288 1196 1426 1245 potius
1459 1195 1560 1232 ‹lia-

160 1262 248 1313 logi
289 1262 338 1299 de
384 1265 590 1314 perversis
630 1276 729 1300 suae
775 1265 929 1301 aetatis
961 1264 1154 1300 moribus,
1216 1264 1272 1304 (v.
1302 1261 1564 1300 WVernsdorf

157 1328 202 1366 P.
237 1329 287 1368 L.
321 1329 384 1371 M.
419 1330 494 1368 III.
518 1345 556 1382 p.
593 1331 785 1368 LXVIII
826 1345 883 1382 sq.
919 1337 961 1368 et
993 1331 1127 1382 ipsum
1161 1328 1367 1379 dialogum
1402 1343 1442 1381 p.
1480 1329 1558 1368 105

157 1398 328 1448 seq.)-
350 1398 651 1446 PROBVS,
694 1412 815 1449 quem
848 1399 993 1450 Lupus
1028 1397 1304 1434 Ferrariensis
1344 1397 1390 1434 in
1424 1396 1558 1447 Epist.

158 1464 258 1502 XX.
292 1471 334 1502 et
372 1479 425 1503 ex
471 1479 520 1503 co
563 1464 756 1503 Barthius
804 1464 977 1505 Advers.
1017 1464 1220 1512 XLVIII,
1269 1464 1330 1514 15.
1368 1463 1559 1501 floruisse

158 1531 302 1569 dicunt
344 1533 453 1570 circa
501 1547 534 1570 a.
569 1531 665 1570 Chr.
713 1533 805 1571 840.
844 1539 886 1570 et
928 1534 972 1570 in
1016 1533 1150 1569 Satira
1194 1531 1367 1584 quadam
1415 1537 1561 1569 osten-

161 1598 290 1647 disse,
320 1599 531 1637 Christum
573 1601 696 1637 etiam
732 1613 808 1651 pro
859 1600 1023 1650 paganis
1058 1599 1310 1650 sapientibus
1344 1603 1559 1635 mortuum

162 1679 259 1704 esse.
318 1667 434 1715 Quae
465 1667 598 1704 Satira
626 1666 694 1704 vel
731 1679 814 1703 non
847 1666 1065 1703 Luciliana
1094 1665 1246 1712 suerit,
1270 1665 1337 1702 vel
1374 1664 1453 1701 1100
1487 1678 1559 1701 ar-

159 1740 399 1784 gumentum
440 1746 522 1772 non
571 1734 703 1771 solum
741 1733 983 1771 tractaverit
1026 1746 1190 1770 necesse
1229 1738 1300 1770 est.
1360 1731 1448 1781 (Cf.
1479 1731 1557 1770 ins.

155 1800 246 1839 Ind.
289 1800 417 1837 Editt.
461 1800 512 1837 ad
552 1815 584 1837 a.
622 1801 829 1848 1585.)—
861 1799 1229 1838 IOHANNES
1269 1798 1358 1836 DE
1393 1797 1558 1835 GAR-

146 1867 433 1906 *LANDIA
465 1881 495 1905 s.
532 1866 818 1915 Garlandria,
847 1865 1046 1917 Anglicus
1075 1872 1222 1917 poeta,
1256 1865 1558 1916 grammaticus,

158 1934 389 1986 chymicus,
417 1934 728 1972 mathematicus
763 1940 805 1973 et
828 1933 1068 1984 theologuS,
1092 1933 1163 1984 qui
1186 1933 1298 1970 Saec.
1337 1933 1413 1970 XI.
1447 1932 1558 1970 vixit

157 2010 200 2042 et
228 2004 343 2041 cuius
381 2003 609 2041 Satirarum
642 2002 895 2040 mentionem
935 2001 1036 2039 fecit
1071 1998 1131 2041 Io.
1173 2001 1321 2037 Balcus
1354 1999 1556 2050 Scriptor.

155 2072 311 2109 Britan.
354 2071 469 2108 Cent.
514 2070 567 2108 II.
612 2084 651 2108 n.
697 2071 832 2107 48.--
878 2067 1316 2114 GODFRIDVS‚
1380 2066 1558 2104 WVinto-

159 2140 311 2178 niensis
351 2139 396 2177 111
437 2137 585 2189 Anglia
624 2138 811 2175 coenobii
840 2136 985 2184 Prior,
1010 2142 1198 2174 mortuus
1237 2149 1270 2171 a.
1307 2133 1402 2170 Chr.
1431 2135 1550 2173 1141.

154 2207 271 2245 cuius
302 2208 629 2258 Epigrammata
665 2205 855 2242 Satiriea
887 2209 928 2241 et
961 2204 1088 2240 libros
1120 2202 1167 2240 cle
1213 2202 1388 2238 diversi«,-
1417 2201 1556 2238 110νηὶ-

155 2289 254 2313 num
306 2274 487 2311 moribus
534 2278 735 2311 memorat
790 2272 939 2310 Baleus
994 2271 1021 2309 l.
1066 2270 1093 2308 1.
1142 2269 1259 2307 Cent.
1314 2266 1365 2306 II.
1411 2283 1445 2306 0.
1489 2269 1555 2320 59.

144 2347 195 2395 Ῥ.
242 2342 330 2380 168.
381 2347 422 2379 et
475 2341 534 2379 Io.
575 2341 736 2379 Pitseus
778 2340 824 2377 in
863 2339 995 2376 relatt.
1043 2333 1140 2374 hist.
1191 2335 1241 2373 dc
1281 2336 1402 2373 rebus
1451 2335 1554 2386 angl.

155 2423 195 2462 p.
243 2422 332 2461 192.
387 2410 541 2461 195-
569 2406 776 2446 WALO
815 2421 847 2444 s.
891 2403 1145 2449 GVALO,
1189 2404 1291 2441 alius
1320 2404 1556 2451 Britannus,

156 2476 226 2528 qui
273 2477 382 2514 Saec.
427 2476 525 2513 XII.
558 2481 736 2513 exeunte
783 2475 913 2522 vixit,
968 2478 1011 2510 et
1037 2476 1202 2523 praeter
1229 2471 1343 2508 varia
1374 2471 1555 2508 carmina

159 2543 333 2581 Satiram
368 2557 528 2596 quoque
560 2545 606 2585 in
639 2543 854 2593 sacrilegos
889 2538 1111 2580 monachos
1144 2539 1329 2589 scripsit,
1359 2551 1460 2589 quae
1484 2551 1557 2575 re-

154 2611 316 2663 peritur
357 2611 402 2649 in
451 2609 601 2649 Matth.
642 2610 771 2648 Flacii
813 2614 990 2661 poemat.
1051 2606 1268 2644 doctorum
1310 2605 1557 2657 piorumque

150 2678 338 2718 virorum
390 2677 441 2716 de
490 2683 688 2730 corrupto
753 2673 948 2716 ecclesiae
1002 2680 1122 2713 statu.
1145 2696 1199 2705 -
1250 2672 1556 2712 BERNAR-
