1759 3029
379 165 619 207 PERSII
662 165 751 206 ΕΤ
797 156 1198 209 IVVENALIS
1261 167 1294 173 ”⁴⁴
1366 183 1481 209 xcm

99 282 287 335 gligentia
310 283 420 320 enim
451 282 699 331 Horatiana,
740 297 842 335 quae
882 279 1094 328 iu‘iocoso
1136 283 1298 322 dicendi
1333 297 1481 335 genere

85 349 264 389 mirifice
303 363 377 387 nos
414 349 612 398 delectat,
641 364 663 388 a
684 351 873 401 graviore
897 364 941 387 ac
967 350 1133 388 sublimi
1166 353 1351 389 oratione
1380 352 1482 390 alie-

90 431 143 456 na
177 423 251 455 est.
313 418 430 455 Illius
461 418 608 455 satirae
628 424 724 456 sunt
749 419 934 470 poeticae
966 418 1306 468 pertractationes
1324 432 1481 470 propo-

86 486 258 525 sitionis,
290 483 615 537 philosophicae,
672 485 794 524 huius
848 470 948 524 §tero
970 484 1188 545 ‘thematis
1252 486 1481 546 rhetorici3

85 552 230 590 doctae
251 554 416 604 quidem
447 559 487 590 et
519 552 728 592 interdum
762 553 1020 603 ingeniosae,
1053 566 1155 604 quae
1187 558 1324 591 tamen
1353 556 1480 606 magis

85 635 128 658 se
169 620 457 658 commendant
505 627 616 670 arte,
653 634 732 672 qua
772 620 929 671 singula
981 626 1308 672 pertractantur,
1357 635 1477 673 quam

83 688 246 740 poetica
287 688 548 735 inventione,
590 701 669 739 qua
706 700 874 739 prorsus
915 693 1058 725 carent
1101 687 1194 725 illae
1209 716 1222 733 ,
1251 689 1295 727 in
1331 690 1478 741 quibus

83 758 199 794 varia
237 761 397 792 tantum
445 756 566 793 unius
609 754 822 792 hominum
866 755 1024 805 generis
1059 755 1161 793 vitia
1192 763 1479 806 recensentur,

83 837 122 863 v.
147 837 181 861 c.
203 823 424 861 mulierum
458 823 502 860 in
535 827 652 860 sexta
684 823 806 860 satira
836 820 1049 860 Iuvenalis.

194 889 240 929 In
285 890 584 928 sententiarum
633 903 746 928 nexu
781 903 1004 942 rerumque
1043 889 1186 929 ordine
1223 897 1265 929 et
1300 891 1479 930 colloca-

79 959 194 998 tione
221 958 422 997 Horatius
453 970 537 996 non
569 957 692 996 modo
733 958 1044 1009 negligentiam,
1083 971 1252 1009 eamque
1293 960 1479 1009 gratissi-

78 1039 209 1075 mam,
236 1025 439 1074 ostendit,
470 1024 542 1063 sed
573 1038 770 1063 summam
802 1039 965 1077 quoque
1000 1032 1150 1074 artem,
1182 1039 1301 1077 quam
1339 1032 1477 1065 tamen

78 1094 224 1133 sedulo
250 1092 491 1131 dissimulat.
550 1092 654 1131 Tam
695 1093 874 1131 naturali
917 1093 1026 1130 enim
1069 1099 1266 1145 arctoque
1308 1094 1476 1132 vinculo

79 1163 218 1200 omnia
253 1160 494 1209 constricta,
520 1165 604 1198 tam
641 1160 814 1199 mirifice
847 1161 925 1198 alia
959 1173 1013 1198 ex
1055 1160 1143 1198 aliis
1176 1166 1269 1211 apta
1299 1167 1341 1198 et
1368 1174 1478 1199 nexa

78 1235 200 1277 sunt,
230 1234 341 1266 tanta
375 1227 572 1265 facilitate
612 1229 744 1266 oratio
777 1228 910 1266 currit
932 1241 976 1266 ac
1014 1227 1128 1274 fluit,
1157 1233 1241 1265 tam
1271 1228 1373 1265 scite
1397 1243 1476 1266 ex,

79 1300 212 1335 'trema
240 1310 331 1334 cum
361 1295 505 1346 primis
540 1301 581 1332 et
616 1301 755 1347 partes
791 1308 885 1333 cum
919 1301 1009 1333 toto
1045 1294 1285 1342 cohaerent,
1312 1301 1360 1332 ut
1379 1296 1475 1334 'sine

77 1364 227 1415 insigni
267 1364 394 1401 totius
444 1362 599 1402 ordinis
642 1362 956 1415 perturbatione
1000 1363 1075 1400 vix
1130 1362 1351 1416 quidquam
1407 1363 1475 1401 vel

76 1432 293 1484 ,transponi
329 1431 458 1482 possit
488 1431 556 1469 vel
593 1432 750 1478 omitti,
776 1437 904 1483 utque
940 1430 1088 1468 dubius
1116 1431 1189 1478 sis,
1220 1437 1360 1469 utrum
1387 1432 1474 1469 sin-

80 1501 173 1551 gula
206 1513 302 1538 casu
328 1512 376 1536 -ac
405 1512 554 1550 sponse
589 1500 670 1537 sint
706 1499 865 1546 0b1a1a,
894 1498 962 1536 vel
994 1503 1088 1535 nata
1121 1505 1294 1550 repente
1323 1505 1366 1536 et
1384 1502 1473 1537 sine

78 1567 218 1605 studio
249 1580 293 1604 ac
323 1579 420 1604 cura
454 1567 558 1604 ceris
592 1565 803 1613 mandata,
833 1579 883 1603 an
916 1565 1135 1616 diligenter
1171 1573 1264 1604 ante
1301 1580 1473 1604 excussa

80 1639 123 1671 et
147 1634 329 1686 quaesita
356 1633 424 1671 vel
457 1633 759 1684 praemeditata.
815 1632 946 1670 Persii
980 1638 1123 1670 contra
1155 1633 1286 1671 oratio
1317 1635 1472 1685 passim

78 1713 154 1738 nos
184 1701 359 1751 abrupto
393 1699 554 1737 dicendi
584 1713 754 1750 genere,
781 1698 1000 1737 audacibus
1036 1706 1078 1737 et
1105 1700 1283 1737 insolitis
1317 1701 1471 1738 transi--

77 1768 258 1805 tionibus
308 1767 692 1819 inversionibusque
752 1765 864 1804 duris
925 1766 1094 1804 offendit
1150 1773 1189 1804 et
1243 1782 1363 1819 saepe
1420 1768 1470 1806 ad

77 1834 208 1871 aliena
237 1833 452 1871 delabitur.
509 1834 713 1871 Iuvenalis
748 1834 925 1884 singulas
963 1834 1127 1885 quidem
1159 1841 1293 1885 partes
1342 1837 1468 1885 magis

76 1901 365 1940 declamatorio
389 1915 503 1939 more
526 1915 570 1938 ac
597 1900 761 1949 ordine,
792 1906 980 1938 accurate
1016 1913 1321 1953 nonnumquam
1357 1904 1414 1951 (v.
1436 1918 1467 1940 c.

74 1969 119 2007 in
149 1971 229 2006 Sat.
263 1969 340 2017 X.)
370 1970 485 2021 prius
516 1969 746 2019 designato,
787 1969 997 2020 copulavit
1030 1974 1070 2005 et
1115 1969 1210 2006 alias
1244 1969 1331 2007 aliis
1369 1971 1470 2008 sub-

72 2035 233 2084 iunxit,
264 2050 383 2088 quam
406 2050 519 2075 nexu
549 2036 774 2074 artificioso
808 2037 919 2074 inter
955 2050 997 2073 se
1029 2036 1257 2089 implicuit,
1285 2037 1358 2074 sed
1380 2052 1469 2075 eas-

74 2102 167 2141 dem
199 2117 355 2142 summa
395 2118 487 2143 cum
528 2111 615 2142 arte
658 2105 776 2143 velut
821 2105 865 2142 in
898 2104 1037 2143 tabula
1082 2103 1272 2155 depinxit
1314 2110 1356 2142 et
1391 2119 1468 2142 ex·-

75 2172 246 2209 ornavit.

80 2229 82 2232 ‚
184 2239 517 2291 Descriptiones„
558 2239 847 2278 similitudines
893 2245 935 2277 et
974 2239 1163 2290 exempla
1206 2238 1372 2276 Horatii
1418 2248 1470 2287 ad

74 2318 270 2344 summam
307 2307 395 2345 sere
429 2309 490 2345 rei
516 2313 701 2359 spectant
724 2313 766 2346 et
802 2308 983 2346 delibant
999 2308 1182 2358 potiora,
1207 2306 1350 2356 primis
1371 2312 1468 2344 tan-

74 2367 160 2410 tum
195 2386 238 2410 ac
269 2376 518 2426 praecipuis,
547 2376 660 2413 utin
682 2373 993 2427 ichnographia,
1032 2373 1152 2413 lineis
1181 2373 1325 2412 ductis.
1382 2374 1466 2411 Ea·-

74 2438 167 2478 dem
203 2441 408 2491 aptissima
441 2449 558 2491 sunt,
589 2449 629 2480 et
661 2456 743 2481 non
782 2444 965 2493 vulgares
1001 2440 1122 2478 modo
1154 2453 1221 2478 res
1251 2454 1295 2477 ac
1326 2441 1468 2478 notio-

71 2519 168 2555 nes,
206 2508 276 2545 sed
319 2510 487 2547 subtiles
531 2523 692 2562 quoque
737 2517 779 2547 et
806 2507 1127 2561 philosophicas,
1169 2509 1329 2558 egregie
1366 2509 1467 2545 illu-

72 2579 225 2622 strant,
254 2577 380 2613 oculis
412 2578 681 2630 sensibusque
715 2574 942 2615 subiiciunt
979 2581 1022 2612 et
1063 2574 1318 2613 confirmant.
1359 2576 1468 2613 Per-

73 2639 154 2676 sius
197 2641 238 2677 in
282 2642 332 2680 iis
364 2657 483 2696 saepe
513 2644 581 2682 vel
629 2650 810 2682 sectatur
855 2643 977 2681 anxie
1012 2642 1193 2692 minuta,
1243 2640 1309 2680 vel
1336 2643 1469 2685 aliena

25 2762 27 2765 ι
70 2705 290 2756 immiscet,
331 2716 373 2748 et
409 2712 533 2763 magis
563 2712 606 2751 in
636 2712 820 2763 partibus
855 2710 1106 2760 exornandis
1141 2708 1467 2762 amplificandis-
