1759 3029
413 95 897 138 ROMANORVM
947 98 1196 140 POETIS
1397 76 1505 141 Lxx'x

113 213 160 261 3,
197 222 246 252 12
282 225 363 264 seq.
412 217 455 249 et
509 212 651 250 senec..
705 211 906 255 controv.
957 213 1098 251 XXV.
1167 215 1249 252 Hic
1291 222 1507 264 memorat,·

111 292 205 316 eum
259 278 598 330 declamatorem,
642 280 713 317 ifle
754 293 883 327 vero,
927 293 1020 317 cum
1070 281 1300 332 principem
1342 284 1387 321 iu
1412 283 1502 321 elo-

110 346 276 397 quentia
308 345 533 386 Galliarum
568 353 610 384 et
640 349 750 385 inter
779 360 929 398 paucos
965 346 1166 384 disertum
1194 348 1330 387 fuisse.

218 413 319 452 Post
342 414 564 452 Horatium
588 420 752 465 praeter
779 416 974 450 Persium
997 420 1038 451 et
1058 415 1296 453 Iuvenalem
1326 416 1501 456 horum·-

108 493 188 531 que
218 485 350 517 aetate
386 471 506 519 multi
530 481 598 519 alii
630 481 827 519 exstitere
861 481 1086 519 Satirarum
1114 483 1359 533 scriptores,
1393 487 1499 523 Tur—

108 560 210 590 nus,
248 548 428 593 Lenius,
468 548 625 593 Silius,
663 549 880 599 Sulpicia,
915 550 1080 592 Tucca,
1117 551 1312 587 flffanlius
1363 553 1499 603 Vopi-

109 627 227 659 scus,
260 613 370 652 sorte
404 621 445 652 et
466 615 602 652 Iulias
623 616 765 664 chfics
779 643 792 660 ‚
824 616 1028 653 Cornutus
1040 643 1054 659 ,
1094 616 1254 654 Gavius
1274 617 1434 655 Bassus
1459 627 1501 657 ct

108 681 314 719 Rabirius
359 695 389 722 s.
434 682 620 718 Rubrius
666 682 840 734 aliique,
879 696 979 734 quos
1010 683 1118 721 sama
1148 684 1321 722 obscura
1347 698 1501 725 recon-

108 748 182 786 dit.
246 748 441 800 (Quintil.
493 749 548 796 X,
587 762 620 787 1.
655 763 684 786 s.
719 751 784 800 94.
810 749 984 786 laudatis
1017 749 1209 795 Lucilio,
1249 751 1426 790 Horatio
1459 760 1504 791 et

107 816 269 864 Persio,
294 815 396 853 haec
428 817 665 866 subiungit:
697 817 803 854 Sunt
826 818 934 854 clari
970 817 1198 870 hodieque,
1226 827 1266 856 et
1295 823 1369 871 qui
1400 822 1501 859 olim

108 884 470 929 nominabantur.)
530 883 634 922 Tres
660 884 841 935 priorcS‚
866 883 1087 923 Auruncae
1113 891 1249 934 natos,
1280 900 1383 938 quae
1405 888 1501 925 Lu-

108 952 195 988 cilii
225 964 386 1003 quoque
423 951 556 1002 patria
584 951 689 998 suit,
718 958 918 989 memorat
947 958 1065 991 retus
1099 952 1344 991 scholiastes
1373 955 1501 993 Iuve-

105 1018 209 1056 nalis
240 1017 291 1055 ad
328 1017 411 1058 Sat.
439 1018 479 1066 Ι,
530 1031 596 1057 20.
629 1019 702 1056 ubi
736 1017 836 1056 haec
870 1010 1050 1057 notavit:
1084 1021 1226 1057 TVB
1240 1022 1405 1059 NVM
1431 1023 1504 1060 cli-

107 1088 166 1123 cit
199 1085 379 1123 Scaevae
423 1087 624 1123 ,Memoris
669 1088 827 1137 tragici
855 1096 1005 1137 poetae
1031 1088 1240 1139 fratrem,
1270 1090 1345 1139 qui
1373 1089 1502 1127 liber-

109 1156 192 1193 tini
219 1155 384 1205 generis
430 1153 489 1190 ad
528 1153 698 1190 honores
735 1155 958 1192 ambitione
983 1164 1200 1206 provectus
1231 1163 1315 1198 est,
1350 1164 1502 1206 potens

109 1224 156 1259 in
211 1221 314 1259 aula
358 1221 404 1258 V
401 1223 718 1270 espa-simorum
768 1223 858 1258 Titi
893 1231 931 1259 et
973 1224 1244 1259 Domitiani:
1282 1223 1348 1258 rel
1389 1224 1501 1260 LE-

107 1289 309 1327 NIVM
341 1287 465 1337 dicit,
520 1290 595 1340 qui
646 1297 685 1326 et
749 1291 837 1339 ipse
871 1290 1037 1327 Satiras
1074 1291 1266 1340 scripsit:
1303 1291 1370 1327 vel
1417 1290 1501 1327 SI-

107 1357 314 1403 LIVM,
354 1363 393 1392 et
424 1357 561 1405 ipsum
596 1358 664 1393 sai
705 1360 901 1408 temporis
946 1358 1186 1395 Satiriczmz.
1248 1358 1333 1407 Qui
1363 1370 1502 1394 omnes

106 1439 157 1462 ex
186 1424 388 1462 Aurunca
410 1423 600 1474 fuerunt.
660 1426 819 1462 Lenius
850 1431 892 1462 et
916 1425 1071 1469 Silius,
1102 1425 1212 1476 quod
1242 1426 1385 1472 sciam,
1416 1438 1501 1463 non

105 1492 195 1529 aliis
241 1489 482 1538 laudantur,
523 1490 603 1528 nisi
623 1492 770 1542 spotius
808 1493 871 1530 ilfi
910 1505 1061 1530 nomeu
1109 1492 1193 1529 suit
1226 1494 1417 1537 Lenaeo,
1449 1491 1503 1529 de

110 1572 190 1610 quo
231 1571 354 1608 supra
399 1556 509 1603 dixi,
550 1563 592 1594 et
626 1557 723 1595 huic
763 1573 989 1610 cognomen
1034 1560 1169 1596 Basso
1215 1560 1282 1597 vel
1328 1559 1499 1611 Sparso,

108 1625 180 1676 qui
209 1624 392 1662 rhetores
423 1623 551 1660 suere.
581 1621 634 1675 (v.
669 1625 814 1663 Sencc.
850 1625 1045 1663 Controv.
1081 1625 1156 1663 ΙΙΙ.
1195 1626 1268 1663 VI.
1313 1631 1353 1663 et
1386 1622 1502 1676 VII.)

110 1693 246 1728 Turni
285 1696 423 1728 autem
461 1690 614 1728 Satiras
659 1691 914 1742 amplissimis
955 1693 1094 1730 verbis
1134 1699 1281 1730 ornant
1320 1692 1507 1731 Martial.

108 1758 212 1806 VII,
253 1770 318 1809 97.
366 1757 454 1804 XI,
501 1770 560 1796 10.
628 1757 758 1795 Rutil.
803 1759 847 1796 in
888 1760 1031 1797 Itiner.
1080 1760 1112 1808 Ι,
1145 1760 1239 1799 600.
1281 1765 1323 1797 et
1356 1759 1500 1802 Sidon.

107 1824 288 1877 Apollin.
334 1823 469 1861 Carm.
498 1823 573 1861 IX.
614 1831 793 1862 excusat.
844 1826 895 1862 ad
939 1827 1119 1864 Felicem
1165 1839 1202 1864 v.
1249 1827 1345 1876 267.
1377 1826 1500 1865 Cons.

107 1889 366 1930 Wernsdors
403 1890 449 1928 P.
483 1891 533 1929 L.
567 1891 626 1930 M.
670 1891 764 1929 Vol.
798 1893 873 1930 III.
905 1907 944 1944 p.
980 1892 1087 1931 LIX
1117 1906 1173 1945 sq.
1204 1894 1275 1945 qui
1309 1907 1393 1932 uon
1425 1907 1502 1932 va-

107 1961 172 1998 nis
223 1959 452 1997 rationibus
496 1957 644 1996 ductus
681 1960 933 2010 suspicatur,
977 1975 1071 1999 eum
1120 1966 1331 1998 auctorem
1373 1961 1503 1998 fuisse

107 2027 267 2065 Satirae
306 2026 515 2078 prolixae,
555 2040 657 2078 quae
709 2026 888 2066 Neronis
932 2028 1033 2065 vitia
1081 2028 1315 2079 sceleraque
1366 2028 1502 2065 omnia

106 2095 278 2133 liberius
310 2099 352 2131 et
385 2094 506 2144 longo
540 2094 684 2132 ordine
721 2108 928 2132 enarrasse
960 2095 1128 2133 videtur
1163 2101 1204 2133 et
1238 2095 1352 2132 cuius
1385 2094 1502 2145 frag-

107 2168 313 2209 mentum,
343 2160 479 2198 XXX
512 2174 655 2198 versus
686 2162 983 2213 complectem,
1014 2176 1067 2200 ex
1100 2163 1144 2200 P.
1178 2163 1370 2200 Burman.
1410 2163 1503 2200 An-

107 2227 210 2266 thol.
233 2228 346 2273 Lat.
393 2228 441 2265 T.
485 2228 540 2266 II.
583 2243 622 2280 p.
670 2229 763 2267 645.
802 2230 872 2267 ille
914 2242 1007 2266 cum
1039 2230 1148 2268 notis
1177 2228 1369 2267 exhibuit
1399 2229 1506 2267 ibid:

108 2309 150 2348 p.
186 2307 236 2345 77
280 2309 360 2347 seq.
427 2294 497 2333 Ex
543 2296 683 2334 eadem
714 2297 782 2334 vel
827 2297 904 2335 alia
941 2297 1076 2334 Turni
1110 2297 1232 2334 satira
1263 2296 1384 2347 petiti
1419 2295 1502 2333 duo

110 2375 252 2400 'versus
262 2391 274 2411 ,
301 2363 372 2414 qui
400 2361 619 2401 admodum
653 2371 845 2416 corrupte
877 2365 1068 2415 leguntur
1102 2364 1146 2401 in
1188 2369 1287 2401 vett.
1325 2362 1502 2401 Scholiis

109 2429 252 2467 Iuven.
287 2429 336 2466 ad
378 2430 460 2468 Sat.
491 2431 523 2478 I,
567 2443 629 2480 71.
661 2431 726 2468 Ex
770 2444 855 2483 qua
894 2432 1118 2469 Caesareas
1142 2431 1295 2469 sobole-s»-
1329 2429 1502 2468 lzorridaei

110 2498 292 2535 Locusta
340 2497 505 2535 Occidit
546 2513 647 2536 cura
689 2500 758 2535 sui
801 2513 928 2536 verna
972 2507 1071 2535 nota
1122 2499 1316 2536 Neronis.
1386 2498 1502 2547 Quos

111 2564 225 2602 varie
264 2563 532 2603 emendarunt
581 2565 663 2603 viri
702 2564 837 2603 docti:
876 2564 1136 2603 casaubonus
1180 2565 1230 2603 de
1266 2565 1347 2603 Sat.
1379 2565 1500 2602 Rom.

112 2645 152 2683 p.
184 2632 276 2670 231.
304 2631 370 2669 Ex
401 2646 479 2684 quo
514 2633 556 2671 C.
589 2646 620 2670 3.
668 2632 879 2671 homicida
909 2635 957 2671 L.
993 2632 1160 2672 Occidit
1198 2646 1411 2685 curaeque..
1430 2646 1503 2672 re*
