1759 3029
579 211 928 252 SATIRA
993 212 1134 253 XIIL

1471 209 1551 257 251

159 329 289 374 Voce
320 328 487 386 neget?
519 344 633 386 quae
665 332 724 372 sit
760 328 855 371 ficti
888 332 1143 372 constantia
1185 327 1376 384 vultus?

160 400 248 442 Per
278 397 397 441 Solis
432 399 582 441 radios
613 397 901 456 Tarpeiaque
941 397 1138 439 fulmina
1178 401 1301 440 iurat

159 467 221 509 Et
248 467 425 509 Martis¹
445 467 668 509 frameam
698 475 744 508 et
774 466 981 509 Cirrhaei
1008 466 1181 523 spicula
1216 469 1345 518 vatis,

161 535 247 577 Per
277 536 467 577 calames
505 538 745 578 venatricis
782 535 1136 592 pharetramque
1169 533 1368 588 Puellae,

1488 533 1553 576 80

157 603 335 660 Perque
365 611 522 656 tuum,
558 611 690 661 pater
718 601 889 660 Aegaei
923 603 1165 661 Neptune,
1213 603 1486 654 tridentem;

158 670 306 714 Addit
341 680 387 713 et
414 671 670 715 Herculeos
704 687 838 714 —arcus
867 671 1134 728 hastamque
1164 670 1416 724 Minervae,

159 740 394 796 Quidquid
423 739 594 782 habent
623 740 826 783 telorum
860 743 1212 783 armamentaria
1259 741 1387 782 coeli.

159 808 207 849 Si
228 824 337 851 vero
361 816 405 850 et
426 817 558 866 pater
585 816 674 850 est:
711 808 980 862 Comedam‚
1018 811 1183 864 inquit,
1218 808 1369 852 flebile
1393 813 1488 852 nati

158 876 370 934 Sinciput
399 864 511 919 elixi
544 876 803 933 Pharioque
842 879 1065 920 madentis
1104 884 1245 919 aceto.

1490 878 1555 922 85

255 944 400 997 Sunt,
444 948 493 987 in
526 943 754 987 Fortunae
787 950 865 1002 qui
895 946 1066 988 casibus
1113 949 1268 987 omnia
1303 953 1483 1002 ponant

157 1013 219 1055 Et
255 1014 388 1055 nullo
424 1015 614 1056 credant
643 1016 870 1057 mundum
902 1023 1082 1058 rectore
1131 1017 1324 1066 moveri,

158 1081 337 1124 Natura
368 1082 584 1124 volvente
618 1085 736 1127 vices
765 1092 810 1125 et
837 1084 952 1125 lucis
982 1091 1028 1125 et
1072 1087 1205 1136 anni3

207 1257 265 1290 81.
287 1256 411 1302 Aegei
422 1258 466 1289 al.
479 1259 584 1290 etiam
592 1256 747 1290 Hennin.
758 1256 830 1291 Sed

160 1314 333 1360 Aegeus,
359 1312 506 1358 Αἰγεύς,
534 1314 660 1346 Thesei
681 1323 790 1358 pater,
811 1327 829 1347 a

162 1371 376 1414 quibusdam
393 1371 584 1404 Pandionis
600 1371 646 1403 Π.
658 1395 668 1412 ,
687 1372 730 1403 ab
753 1373 829 1404 aliis

162 1429 287 1474 Scyrii,
315 1429 357 1461 ab
378 1430 455 1461 aliis
475 1427 624 1467 Phemii,
649 1428 694 1471 (v,
708 1429 829 1473 Heyne

163 1486 385 1530 adApollod.
403 1498 437 1529 p.
449 1485 529 1529 871.
544 1486 635 1527 sqq.)
649 1497 667 1516 a
685 1488 829 1518 nemine

161 1555 265 1585 vero,
291 1543 386 1586 quod
411 1544 538 1582 sciam,
563 1542 717 1585 Neptuni
738 1544 831 1575 filius

163 1601 291 1634 editur.
315 1601 410 1632 Eum
428 1599 575 1642 quidem
597 1601 633 1631 in
650 1611 747 1631 mare
757 1599 831 1631 Ae-

163 1670 292 1701 gaeum
310 1670 345 1690 se
364 1658 607 1700 praecipitasse
636 1657 737 1698 eique
764 1656 831 1687 de-

164 1716 257 1748 disse
278 1727 429 1754 nomen‚
456 1714 660 1745 fabulantur
682 1713 830 1745 Diodor-

164 1773 224 1814 IV,
253 1771 308 1804 62.
339 1772 394 1804 65.
438 1769 585 1801 Pausan.
606 1769 633 1810 1,
653 1780 706 1809 22,
732 1768 764 1800 5.
798 1777 832 1800 et

165 1830 294 1872 Hygin.
320 1828 345 1860 f.
359 1827 416 1860 43.
436 1838 507 1859 non
527 1838 619 1866 vero,
646 1838 727 1858 eum
744 1837 831 1868 pro-

165 1896 283 1929 pterea
311 1886 425 1917 filium
461 1883 616 1926 Neptuni
657 1882 833 1915 creditum

165 1956 260 1984 esse,
296 1941 391 1985 quod
411 1941 577 1972 nonnulli
601 1942 834 1983 suspicantur.

166 2000 267 2034 Illud
289 2010 429 2042 quoque
452 2009 549 2029 mare
577 2009 649 2029 non
678 1998 834 2041 Αἰγεῖον,

167 2058 230 2091 sed
247 2058 398 2101 Αἰγαῖον
417 2054 559 2087 dicitur.
608 2055 677 2086 Fac
702 2063 833 2094 tamen,

166 2116 376 2159 Neptunum
405 2113 512 2143 etiam
537 2110 660 2157 Aegei
685 2118 835 2154 patrem

169 2183 242 2204 esse
265 2171 413 2210 editum,
439 2169 522 2200 haec
548 2170 739 2211 appellatio
759 2166 836 2209 Dei,

169 2231 225 2262 cui
245 2241 263 2261 a
282 2230 395 2272 poetis
416 2227 522 2258 multi
543 2227 746 2258 tribuuntur
759 2226 835 2265 filii,

171 2284 367 2316 admodum
401 2284 436 2318 h.
466 2285 492 2316 l.
526 2286 642 2315 ieiuna
683 2290 750 2322 est,
791 2294 836 2313 ue

628 2340 746 2372 Multo
773 2351 837 2370 ex-

173 2399 335 2440 quisitior
362 2399 504 2440 vulgata
539 2399 646 2439 lectio
676 2395 836 2440 Aegaei,

172 2340 259 2383 quid
286 2343 421 2383 ‘gravius
445 2341 573 2373 dicam.

174 2468 192 2486 a
211 2454 312 2487 nobis
336 2457 514 2495 restituta,
548 2465 635 2497 quae
664 2455 770 2485 etiam
801 2453 837 2484 iu

174 2512 350 2556 plerisque
372 2519 462 2542 certe
493 2511 598 2544 codd.
622 2522 704 2542 mss.
733 2522 837 2553 repe-

176 2570 321 2607 riretur,
365 2568 432 2599 nisi
457 2568 494 2600 hi
521 2567 759 2610 diphthongos
777 2578 838 2599 re-

175 2632 352 2669 spuerent.
400 2636 430 2655 v.
453 2623 593 2657 Comm.

221 2690 277 2722 82.
308 2688 469 2722 Addidit
492 2690 542 2723 16.
562 2690 618 2722 25.

887 1257 984 1291 abest
1014 1258 1057 1290 ab
1090 1257 1142 1291 15.
1178 1257 1234 1290 24.
1261 1257 1317 1290 25.
1341 1268 1395 1301 27.
1421 1255 1479 1290 46.
1501 1259 1560 1303 47.

886 1317 942 1362 49.
964 1314 1106 1349 54-58.
1128 1316 1185 1348 60.
1209 1314 1263 1347 64.
1286 1313 1341 1347 65.

933 1392 988 1426 86.
1013 1393 1121 1432 Sunt,
1135 1392 1199 1437 qui
1218 1392 1257 1423 in
1275 1391 1468 1423 Fortunae
1481 1392 1558 1424 iam.

887 1450 1037 1483 casibus
1070 1461 1121 1484 10.
1154 1459 1207 1481 12.
1244 1459 1297 1492 ¹7·
1328 1459 1467 1492 19-22.
1493 1451 1560 1480 24-

887 1519 944 1540 2⁸.
977 1508 1121 1550 45-147.
1149 1507 1204 1549 49.
1225 1505 1281 1538 50.
1313 1503 1453 1549 54-69.
1493 1517 1559 1549 71-

889 1566 1008 1609 74.77.
1030 1573 1064 1596 et
1084 1562 1184 1596 XXX
1197 1562 1302 1595 MSS.
1326 1561 1433 1594 Paris.
1453 1563 1558 1605 prob.

888 1622 974 1654 Ach.
987 1623 1084 1654 cuius
1098 1628 1179 1652 nota
1200 1628 1267 1651 est:
1294 1618 1415 1659 „Hanc
1429 1621 1561 1652 lectio-

889 1690 973 1710 nem
994 1686 1150 1710 nostram
1172 1677 1340 1715 fecimus,
1366 1677 1429 1708 etsi
1457 1678 1561 1709 aliter

890 1735 1064 1777 euphonia
1081 1735 1246 1777 postulat,
1258 1743 1441 1776 propterea
1465 1733 1563 1775 quod

887 1802 959 1823 non
981 1792 1107 1823 inutile
1141 1802 1282 1834 prorsus
1311 1790 1415 1822 nobis
1444 1792 1561 1823 visum

890 1857 941 1880 est
957 1846 998 1880 τὸ
1020 1848 1114 1888 iam,
1135 1848 1169 1879 h.
1193 1859 1222 1878 e.
1243 1858 1282 1878 ea
1308 1848 1414 1879 etiam
1436 1855 1560 1881 aetate.

889 1906 980 1938 Nam
1000 1918 1018 1936 a
1029 1906 1194 1937 Lucretio
1210 1905 1471 1947 Epicureorum
1488 1904 1560 1935 do·-

892 1965 1024 2003 ctrina,
1075 1974 1142 2004 qua
1179 1963 1294 1993 omnis
1335 1961 1559 2004 providentia

892 2019 1042 2052 deorum
1059 2020 1199 2050 tollitur
1212 2042 1222 2058 ,
1249 2026 1432 2060 tantopere
1457 2020 1557 2050 inva-

891 2078 1024 2116 luerat,
1060 2084 1099 2108 ιιι
1130 2087 1209 2119 pars
1239 2076 1348 2107 altera
1380 2075 1563 2107 Romano-

891 2145 973 2166 rum
995 2136 1026 2165 ei
1052 2141 1166 2165 sectae
1184 2133 1291 2164 suerit
1318 2131 1475 2173 addicta,
1507 2134 1564 2164 al-

892 2199 986 2222 terae
1030 2198 1145 2223 sectae
1192 2189 1416 2229 Stoicorum,
1457 2192 1561 2231 pauci

892 2247 1193 2280 Academicorum
1206 2271 1215 2286 ‚

894 2315 937 2348 9⁰
963 2316 1035 2346 seq.
1046 2307 1067 2322 ‘⁶

1263 2257 1350 2287 quos
1396 2254 1493 2278 UOtat
1532 2259 1564 2278 V.

1138 2303 1235 2335 Sunt
1279 2302 1342 2347 qui
1375 2303 1568 2335 Fortunae

894 2361 967 2394 iam
999 2359 1147 2394 casibus
1181 2359 1232 2393 16.
1263 2359 1318 2392 25.
1359 2367 1392 2391 et
1418 2360 1566 2401 quidam

896 2417 1000 2451 codd.
1021 2417 1129 2450 Paris.
1185 2417 1280 2449 Sunt
1297 2440 1307 2454 ‚
1337 2418 1402 2460 qui
1422 2417 1565 2448 Fortu—

894 2485 967 2506 nae
984 2473 1050 2506 sub
1068 2473 1218 2507 casibus
1249 2473 1301 2506 13.
1373 2473 1471 2505 Sunt
1497 2475 1561 2518 qui

895 2533 1087 2564 Fortunae
1124 2531 1199 2563 iam
1236 2530 1403 2574 lapsibus
1435 2530 1492 2562 50.
1520 2543 1567 2556 a·-

887 2593 1038 2632 ponunt
1077 2586 1218 2620 10—15.
1249 2588 1301 2620 15.
1334 2588 1386 2620 15.
1417 2587 1472 2619 45.
1507 2589 1563 2620 ἕο.

897 2643 1041 2678 60-65.
1070 2643 1127 2676 65.
1159 2642 1215 2676 68.
1255 2643 1311 2689 69.
1341 2651 1481 2686 ’,τι-74.
1514 2655 1566 2685 τ.

898 2701 957 2732 sic
990 2709 1025 2732 et
1052 2711 1136 2733 mox
1163 2712 1196 2732 v.
1227 2699 1283 2743 87.
1319 2701 1470 2733 credunt
1516 2712 1567 2734 ιω.

225 2758 280 2791 84.
306 2758 347 2789 Si
364 2769 482 2790 verum
501 2762 616 2801 pater
646 2756 702 2791 24.
730 2775 774 2784 —-
806 2763 843 2789 et
903 2768 957 2789 11.
982 2768 1034 2790 12.
1062 2758 1115 2789 15.
1135 2755 1190 2791 16.
1213 2768 1268 2790 22.
1288 2759 1344 2792 25.
1366 2770 1418 2803 27.
1441 2761 1495 2790 ab..
1517 2758 1552 2790 ni
