1759 3029
408 74 497 115 AD
539 73 681 118 SAT.
725 73 807 120 VI,
849 74 1052 117 64-66.
1388 73 1469 116 525

69 193 241 243 gannit,
267 191 384 230 Sicut
408 191 452 228 in
478 190 686 241 amplexu,
709 190 893 227 subitum
920 198 959 225 et
984 189 1233 233 miserabile,
1265 187 1399 227 subito
1424 194 1467 226 et

70 259 371 297 miserabiliter.
432 257 514 294 Sed
538 263 680 295 nostra
718 263 760 295 et
790 257 994 308 scriptura
1030 261 1072 292 et
1101 255 1312 293 distinctio
1343 269 1466 307 praee·

71 331 180 363 stare
206 325 371 364 videtur
399 331 440 363 et
468 325 620 377 ellipsis
644 324 814 376 copulae
843 330 937 362 ante
955 325 1149 374 Longum
1177 322 1359 361 Iuvenali
1375 324 1464 362 fre-

71 394 337 443 quentissima
375 399 450 430 est.
482 406 520 430 v.
552 392 603 430 ad
631 392 704 440 IV,
736 392 799 429 63.
827 391 872 428 in
898 392 996 429 Var.
1027 390 1144 427 Lect.
1178 392 1298 429 sabat
1320 401 1358 429 et
1383 393 1464 429 mi-

70 460 245 497 serabile
285 462 454 512 longum
476 460 672 498 Attenclit
695 459 849 497 rustica
877 459 1026 496 mulier
1057 465 1099 496 et
1130 460 1264 496 minus
1293 465 1468 510 experta

70 525 249 575 delicias,
277 529 434 568 emend.
464 528 604 566 Barth.
633 527 804 566 Advers.
837 527 1001 574 XXIV,
1028 526 1064 563 5.
1095 526 1164 564 ubi
1193 532 1343 575 monet,
1369 540 1466 564 ver-

69 593 134 631 bis
159 595 320 640 subare,
350 597 539 641 catulire,
567 596 791 633 adhinnire
816 599 858 632 et
876 595 1076 631 similibus
1100 594 1321 632 belluinam
1343 595 1469 632 effi-e-

31 650 34 651 ⁷
68 673 247 714 nemque
275 662 490 701 hominum
517 654 732 701 libidjnem
759 662 949 714 exprimi.
977 661 1040 699 Cs.
1061 662 1166 699 Plin.
1199 661 1254 705 X,
1283 661 1347 699 (33.
1375 663 1467 699 Lu-

71 735 171 766 cret.
216 731 289 778 IV,
331 731 446 782 1195.
488 731 635 768 Horat.
674 730 807 781 Epod.
845 730 942 777 XII,
988 744 1050 767 11.
1091 729 1139 766 al.
1198 730 1466 781 Aptissimum

71 802 134 833 est
171 797 210 834 h.
244 798 270 835 l.
300 798 448 841 sabat,
505 799 699 849 quoniam
741 811 834 834 cum
872 801 1032 848 gannit
1067 797 1274 847 iungitur:
1318 800 1384 844 (ut
1426 798 1470 836 in

68 863 238 902 Anthol.
264 864 355 902 Lat.
386 878 425 902 v.
458 861 636 918 Comm.)
676 864 749 902 sed
776 865 936 916 reliqua
964 871 1054 903 tuni
1093 865 1220 902 verba
1250 866 1307 902 sic
1336 866 1472 904 inter-v

68 931 307 983 pungenda:
346 932 523 982 Appula
541 935 713 983 gannit,
738 933 855 969 Sicut
878 935 923 969 in
946 933 1154 982 amplexa,
1187 932 1309 969 sabat
1329 941 1368 969 et
1387 935 1470 970 mi·-

69 1000 272 1038 serabz'le:
302 997 359 1054 (h.
391 1013 425 1036 e.
452 1000 777 1048 miserabiliter)
820 1001 991 1050 longum
1026 1000 1218 1036 Attendite
1255 1000 1471 1049 Thymele,-

71 1067 262 1117 Thymele
283 1075 382 1104 tunc·
405 1069 564 1104 rustica
586 1067 725 1104 discit.
797 1066 859 1104 Ita
897 1068 1065 1104 omnino
1106 1066 1322 1118 legendum
1352 1073 1473 1119 putat

70 1135 233 1180 [Manso,
261 1135 332 1185 qui
361 1139 516 1178 monet,
548 1148 591 1171 se
620 1147 706 1171 non
734 1133 889 1181 videi-e,
932 1133 1031 1186 quid
1075 1148 1141 1171 me
1181 1136 1371 1183 moverit,
1413 1143 1472 1184 ut,

71 1202 228 1241 reiecta
245 1201 456 1253 praeclara
485 1201 781 1249 emendatione,
800 1202 982 1239 subitam
1007 1215 1143 1239 mcum
1173 1210 1209 1240 et
1236 1203 1471 1240 miserabile

72 1269 246 1320 longum
272 1275 426 1316 tuerer,
456 1282 583 1320 quum
614 1282 818 1321 quemque
843 1283 938 1306 suus
970 1283 1110 1306 sensus
1152 1269 1318 1318 doceat,
1350 1284 1473 1322 quam

72 1335 224 1374 durum
267 1336 320 1373 sit
359 1337 516 1388 vixque
557 1335 777 1374 serendum
815 1335 944 1385 illud,
985 1351 1079 1375 cum
1120 1351 1204 1375 uno
1245 1337 1472 1391 eodemque

71 1405 201 1442 verbo
229 1403 411 1441 attendit
451 1404 731 1442 coniunctum.
797 1403 1025 1442 Enimvero
1066 1411 1287 1443 moverunt
1318 1421 1381 1444 me
1407 1408 1472 1445 le—-

71 1485 141 1523 ges
165 1470 372 1509 modestae
390 1472 570 1519 criticae,
601 1485 698 1523 quas
727 1472 888 1522 saepius
913 1470 1018 1508 mihi
1043 1472 1278 1520 inculcaw't,
1299 1479 1339 1510 et
1362 1475 1474 1526 quod

71 1540 145 1577 ille
171 1537 386 1576 contendit
415 1538 592 1589 quidem,
619 1551 703 1575 non
733 1552 834 1575 vero
864 1538 1069 1588 probavit,
1099 1539 1323 1578 lectionem
1363 1555 1476 1580 ame

75 1611 290 1653 servatam,
321 1618 423 1656 quae
449 1610 586 1642 tamen
612 1618 695 1642 non
723 1618 814 1642 mea
851 1611 935 1652 est,
975 1606 1048 1643 sed
1076 1607 1257 1657 vulgaris
1289 1610 1474 1649 omnium

73 1673 290 1720 librorum,
319 1672 439 1723 plane
465 1672 647 1723 ineptam
677 1686 776 1720 esse,
816 1686 951 1724 neque
982 1679 1065 1710 tres
1096 1687 1217 1711 voces
1245 1675 1317 1712 uni
1345 1676 1475 1713 verbo

77 1739 292 1779 commode
318 1739 434 1788 iungi
461 1752 592 1790 posse.
647 1739 880 1778 Veritatem
911 1754 1074 1792 quoque
1113 1738 1233 1779 huins
1275 1744 1474 1781 emenda—

76 1809 202 1846 tionis
232 1808 276 1845 in
307 1805 479 1844 dubium
505 1806 671 1844 vocavit
688 1807 754 1844 vir
783 1806 927 1844 doctus
956 1808 999 1846 in
1019 1807 1192 1859 Ephem.
1219 1810 1311 1848 Hal.
1333 1812 1471 1863 (Allg.

76 1878 161 1914 Lit.
191 1876 294 1912 Zeis.
326 1888 360 1910 a.
395 1873 511 1910 1814.
541 1873 596 1924 pl.
622 1874 740 1924 223.)
771 1875 843 1912 ubi
872 1881 1023 1923 monet,
1051 1876 1179 1914 verba
1209 1878 1378 1930 longam.
1401 1890 1470 1917 α]Ν

75 1943 211 1982 tendit
237 1941 360 1979 nimis
387 1940 529 1977 tenuia
560 1954 647 1978 esse
690 1947 732 1978 et
757 1941 949 1992 languida
975 1949 1068 1994 post
1094 1944 1166 1982 illa
1194 1948 1356 1984 vesicae
1388 1962 1474 1985 ηοη,

78 2013 273 2062 imperat,
305 2009 465 2060 gannit
497 2012 541 2044 et
576 2008 720 2056 sabat,
759 2010 1038 2063 maioremque
1077 2012 1217 2050 forsan
1257 2014 1476 2051 obscoeni-

78 2084 207 2122 tatem
235 2077 280 2114 in
317 2076 368 2113 iis
397 2075 538 2123 latere,
578 2074 630 2112 ad
656 2076 830 2114 verbum
868 2091 970 2116 vero
1010 2080 1136 2117 discit
1175 2081 1341 2117 omnino
1374 2095 1476 2133 sup-

79 2144 275 2197 plendum
302 2156 403 2191 esse,
434 2141 545 2195 quod
584 2157 609 2181 a
636 2145 891 2197 pantomimo
935 2159 1176 2198 expressum
1214 2148 1269 2185 sit
1312 2154 1354 2185 et
1380 2163 1402 2186 a
1431 2163 1477 2188 se·

78 2211 226 2249 visum.

192 2277 382 2317 Attendit
399 2279 676 2330 leymelen31
695 2279 734 2318 b.
750 2281 818 2318 48.
835 2281 898 2334 49.
931 2284 1090 2332 Tymele
1119 2296 1166 2335 19
1197 2297 1218 2320 a
1236 2297 1287 2321 m.
1302 2298 1362 2335 pr.
1400 2287 1474 2322 Τι’-

84 2345 183 2382 mele
208 2357 276 2383 21.
305 2357 371 2384 22.
399 2367 453 2376 —
483 2347 582 2385 dum
607 2351 766 2386 rustica
796 2348 859 2387 16.
889 2358 977 2387 tum
1012 2353 1172 2389 rustica
1214 2352 1280 2403 47.
1313 2353 1378 2392 54.
1408 2355 1474 2403 57.

87 2413 152 2451 58.
181 2411 245 2450 64.
