<?xml version="1.0" encoding="UTF-8"?>
<!DOCTYPE html PUBLIC "-//W3C//DTD XHTML 1.0 Transitional//EN"
    "http://www.w3.org/TR/xhtml1/DTD/xhtml1-transitional.dtd">
<html xmlns="http://www.w3.org/1999/xhtml" xml:lang="en" lang="en">
 <head>
  <title>
</title>
<meta http-equiv="Content-Type" content="text/html;charset=utf-8" />
  <meta name='ocr-system' content='tesseract 3.04.00' />
  <meta name='ocr-capabilities' content='ocr_page ocr_carea ocr_par ocr_line ocrx_word'/>
</head>
<body>
  <div class='ocr_page' id='page_1' title='image "./satirae16adoptim01juveuoft/satirae16adoptim01juveuoft_0359.png"; bbox 0 0 1759 3029; ppageno 0'>
   <div class='ocr_carea' id='block_1_1' title="bbox 73 187 1485 1794">
    <p class='ocr_par' dir='ltr' id='par_1_1' title="bbox 75 187 1457 431">
     <span class='ocr_line' id='line_1_1' title="bbox 516 187 1457 234; baseline 0.006 -6"><span class='ocrx_word' id='word_1_1' title='bbox 516 187 857 229; x_wconf 79' lang='lat' dir='ltr'><strong>SATIRA</strong></span> <span class='ocrx_word' id='word_1_2' title='bbox 913 189 1023 229; x_wconf 86' lang='lat' dir='ltr'>VII.</span> <span class='ocrx_word' id='word_1_3' title='bbox 1377 190 1457 234; x_wconf 83' lang='lat'>155</span> 
     </span>
     <span class='ocr_line' id='line_1_2' title="bbox 75 303 1456 368; baseline 0.001 -19"><span class='ocrx_word' id='word_1_4' title='bbox 75 305 405 360; x_wconf 77' lang='lat' dir='ltr'><strong>Quodcumque</strong></span> <span class='ocrx_word' id='word_1_5' title='bbox 417 312 498 358; x_wconf 83' lang='lat' dir='ltr'>est,</span> <span class='ocrx_word' id='word_1_6' title='bbox 513 303 685 364; x_wconf 86' lang='lat' dir='ltr'>(minus</span> <span class='ocrx_word' id='word_1_7' title='bbox 707 313 773 347; x_wconf 86' lang='lat' dir='ltr'>est</span> <span class='ocrx_word' id='word_1_8' title='bbox 783 312 948 357; x_wconf 87' lang='lat' dir='ltr'>autem,</span> <span class='ocrx_word' id='word_1_9' title='bbox 971 320 1107 360; x_wconf 86' lang='lat' dir='ltr'>quam</span> <span class='ocrx_word' id='word_1_10' title='bbox 1119 305 1317 349; x_wconf 85' lang='lat' dir='ltr'>rhetoris</span> <span class='ocrx_word' id='word_1_11' title='bbox 1331 307 1456 368; x_wconf 85' lang='lat' dir='ltr'>aera)</span> 
     </span>
     <span class='ocr_line' id='line_1_3' title="bbox 75 371 1207 431; baseline 0 -16"><span class='ocrx_word' id='word_1_12' title='bbox 75 373 300 431; x_wconf 85' lang='lat' dir='ltr'>Discipuli</span> <span class='ocrx_word' id='word_1_13' title='bbox 335 381 484 416; x_wconf 83' lang='lat' dir='ltr'>custos</span> <span class='ocrx_word' id='word_1_14' title='bbox 529 375 821 431; x_wconf 73' lang='lat' dir='ltr'>praemordet</span> <span class='ocrx_word' id='word_1_15' title='bbox 856 371 1207 415; x_wconf 76' lang='lat' dir='ltr'>Acoenonoe&#39;tus</span> 
     </span>
    </p>

    <p class='ocr_par' dir='ltr' id='par_1_2' title="bbox 74 435 1485 635">
     <span class='ocr_line' id='line_1_4' title="bbox 76 435 1485 498; baseline 0.003 -15"><span class='ocrx_word' id='word_1_16' title='bbox 76 441 160 494; x_wconf 80' lang='lat' dir='ltr'>Et,</span> <span class='ocrx_word' id='word_1_17' title='bbox 204 443 281 497; x_wconf 87' lang='lat' dir='ltr'>qui</span> <span class='ocrx_word' id='word_1_18' title='bbox 312 442 565 498; x_wconf 74' lang='lat' dir='ltr'>dispensat,</span> <span class='ocrx_word' id='word_1_19' title='bbox 606 441 789 498; x_wconf 80' lang='lat' dir='ltr'>franget</span> <span class='ocrx_word' id='word_1_20' title='bbox 818 442 912 483; x_wconf 90' lang='lat' dir='ltr'>sibi.</span> <span class='ocrx_word' id='word_1_21' title='bbox 983 440 1125 493; x_wconf 82' lang='lat' dir='ltr'>Cede,</span> <span class='ocrx_word' id='word_1_22' title='bbox 1160 441 1422 498; x_wconf 79' lang='lat' dir='ltr'>Palaemon,</span> <span class='ocrx_word' id='word_1_23' title='bbox 1481 435 1485 438; x_wconf 30' lang='grc'><em>’</em></span> 
     </span>
     <span class='ocr_line' id='line_1_5' title="bbox 75 509 1455 566; baseline 0.004 -16"><span class='ocrx_word' id='word_1_24' title='bbox 75 509 136 551; x_wconf 83' lang='lat' dir='ltr'>Et</span> <span class='ocrx_word' id='word_1_25' title='bbox 155 517 309 566; x_wconf 82' lang='lat' dir='ltr'>patere</span> <span class='ocrx_word' id='word_1_26' title='bbox 330 510 434 551; x_wconf 91' lang='lat' dir='ltr'>inde</span> <span class='ocrx_word' id='word_1_27' title='bbox 455 509 626 565; x_wconf 85' lang='lat' dir='ltr'>aliquid</span> <span class='ocrx_word' id='word_1_28' title='bbox 640 512 906 561; x_wconf 73' lang='lat' dir='ltr'>decrescere,</span> <span class='ocrx_word' id='word_1_29' title='bbox 920 524 1014 551; x_wconf 88' lang='lat' dir='ltr'>non</span> <span class='ocrx_word' id='word_1_30' title='bbox 1024 510 1170 562; x_wconf 86' lang='lat' dir='ltr'>aliter,</span> <span class='ocrx_word' id='word_1_31' title='bbox 1192 525 1328 566; x_wconf 86' lang='lat' dir='ltr'>quam</span> <span class='ocrx_word' id='word_1_32' title='bbox 1361 529 1382 555; x_wconf 88' lang='lat'><strong>2</strong></span> <span class='ocrx_word' id='word_1_33' title='bbox 1395 527 1455 558; x_wconf 86' lang='lat'>20</span> 
     </span>
     <span class='ocr_line' id='line_1_6' title="bbox 74 575 1182 635; baseline -0.001 -16"><span class='ocrx_word' id='word_1_34' title='bbox 74 575 266 619; x_wconf 80' lang='lat' dir='ltr'>Institor</span> <span class='ocrx_word' id='word_1_35' title='bbox 306 576 520 620; x_wconf 82' lang='lat' dir='ltr'>hibernae</span> <span class='ocrx_word' id='word_1_36' title='bbox 552 581 711 635; x_wconf 82' lang='lat' dir='ltr'>tegetis</span> <span class='ocrx_word' id='word_1_37' title='bbox 743 581 953 633; x_wconf 79' lang='lat' dir='ltr'>niveique</span> <span class='ocrx_word' id='word_1_38' title='bbox 990 579 1182 630; x_wconf 76' lang='lat' dir='ltr'>cadurci,</span> 
     </span>
    </p>

    <p class='ocr_par' dir='ltr' id='par_1_3' title="bbox 73 643 1459 770">
     <span class='ocr_line' id='line_1_7' title="bbox 73 643 1459 703; baseline 0.005 -18"><span class='ocrx_word' id='word_1_39' title='bbox 73 643 338 687; x_wconf 86' lang='lat' dir='ltr'>Dummodo</span> <span class='ocrx_word' id='word_1_40' title='bbox 368 661 463 688; x_wconf 91' lang='lat' dir='ltr'>non</span> <span class='ocrx_word' id='word_1_41' title='bbox 494 654 673 703; x_wconf 87' lang='lat' dir='ltr'>pereat,</span> <span class='ocrx_word' id='word_1_42' title='bbox 722 647 895 689; x_wconf 82' lang='lat' dir='ltr'>mediae</span> <span class='ocrx_word' id='word_1_43' title='bbox 926 648 1049 701; x_wconf 89' lang='lat' dir='ltr'>quod</span> <span class='ocrx_word' id='word_1_44' title='bbox 1082 649 1229 688; x_wconf 88' lang='lat' dir='ltr'>noctis</span> <span class='ocrx_word' id='word_1_45' title='bbox 1262 648 1314 690; x_wconf 86' lang='lat' dir='ltr'>ab</span> <span class='ocrx_word' id='word_1_46' title='bbox 1344 648 1459 692; x_wconf 84' lang='lat' dir='ltr'>hora</span> 
     </span>
     <span class='ocr_line' id='line_1_8' title="bbox 75 713 1238 770; baseline 0.002 -16"><span class='ocrx_word' id='word_1_47' title='bbox 75 713 262 766; x_wconf 87' lang='lat' dir='ltr'>Sedisti,</span> <span class='ocrx_word' id='word_1_48' title='bbox 294 728 382 769; x_wconf 86' lang='lat' dir='ltr'>qua</span> <span class='ocrx_word' id='word_1_49' title='bbox 414 729 548 756; x_wconf 86' lang='lat' dir='ltr'>nemo</span> <span class='ocrx_word' id='word_1_50' title='bbox 578 714 725 766; x_wconf 85' lang='lat' dir='ltr'>faber,</span> <span class='ocrx_word' id='word_1_51' title='bbox 762 730 851 770; x_wconf 87' lang='lat' dir='ltr'>qua</span> <span class='ocrx_word' id='word_1_52' title='bbox 880 730 1015 757; x_wconf 89' lang='lat' dir='ltr'>nemo</span> <span class='ocrx_word' id='word_1_53' title='bbox 1047 715 1238 767; x_wconf 71' lang='lat' dir='ltr'>sederet,</span> 
     </span>
    </p>

    <p class='ocr_par' dir='ltr' id='par_1_4' title="bbox 77 781 1169 838">
     <span class='ocr_line' id='line_1_9' title="bbox 77 781 1169 838; baseline 0.001 -15"><span class='ocrx_word' id='word_1_54' title='bbox 77 781 168 833; x_wconf 87' lang='lat' dir='ltr'>Qui</span> <span class='ocrx_word' id='word_1_55' title='bbox 199 782 330 823; x_wconf 84' lang='lat' dir='ltr'>docet</span> <span class='ocrx_word' id='word_1_56' title='bbox 360 782 545 838; x_wconf 82' lang='lat' dir='ltr'>obliquo</span> <span class='ocrx_word' id='word_1_57' title='bbox 576 783 729 824; x_wconf 86' lang='lat' dir='ltr'>lanam</span> <span class='ocrx_word' id='word_1_58' title='bbox 759 784 981 825; x_wconf 81' lang='lat' dir='ltr'>deducere</span> <span class='ocrx_word' id='word_1_59' title='bbox 1019 781 1169 835; x_wconf 68' lang='lat' dir='ltr'>ferro,</span> 
     </span>
    </p>

    <p class='ocr_par' dir='ltr' id='par_1_5' title="bbox 74 846 1456 1043">
     <span class='ocr_line' id='line_1_10' title="bbox 74 846 1456 907; baseline 0.004 -16"><span class='ocrx_word' id='word_1_60' title='bbox 74 847 339 892; x_wconf 89' lang='lat' dir='ltr'>Dummodo</span> <span class='ocrx_word' id='word_1_61' title='bbox 362 865 457 891; x_wconf 90' lang='lat' dir='ltr'>non</span> <span class='ocrx_word' id='word_1_62' title='bbox 480 859 635 907; x_wconf 86' lang='lat' dir='ltr'>pereat</span> <span class='ocrx_word' id='word_1_63' title='bbox 655 852 846 893; x_wconf 83' lang='lat' dir='ltr'>totidem</span> <span class='ocrx_word' id='word_1_64' title='bbox 873 851 1076 893; x_wconf 82' lang='lat' dir='ltr'>olfecisse</span> <span class='ocrx_word' id='word_1_65' title='bbox 1100 846 1324 905; x_wconf 71' lang='lat' dir='ltr'>lucernas,</span> <span class='ocrx_word' id='word_1_66' title='bbox 1364 857 1456 897; x_wconf 79' lang='lat'>225</span> 
     </span>
     <span class='ocr_line' id='line_1_11' title="bbox 77 917 1297 975; baseline 0.002 -15"><span class='ocrx_word' id='word_1_67' title='bbox 77 917 204 968; x_wconf 82' lang='lat' dir='ltr'>Quot</span> <span class='ocrx_word' id='word_1_68' title='bbox 233 917 412 959; x_wconf 83' lang='lat' dir='ltr'>stabant</span> <span class='ocrx_word' id='word_1_69' title='bbox 439 921 593 975; x_wconf 87' lang='lat' dir='ltr'>pueri,</span> <span class='ocrx_word' id='word_1_70' title='bbox 635 934 778 975; x_wconf 86' lang='lat' dir='ltr'>quum</span> <span class='ocrx_word' id='word_1_71' title='bbox 811 927 934 961; x_wconf 85' lang='lat' dir='ltr'>totus</span> <span class='ocrx_word' id='word_1_72' title='bbox 967 919 1153 962; x_wconf 83' lang='lat' dir='ltr'>decolor</span> <span class='ocrx_word' id='word_1_73' title='bbox 1184 928 1297 962; x_wconf 86' lang='lat' dir='ltr'>esset</span> 
     </span>
     <span class='ocr_line' id='line_1_12' title="bbox 75 983 1139 1043; baseline -0.001 -15"><span class='ocrx_word' id='word_1_74' title='bbox 75 983 258 1029; x_wconf 81' lang='lat' dir='ltr'>Flac-cus</span> <span class='ocrx_word' id='word_1_75' title='bbox 289 992 335 1027; x_wconf 82' lang='lat' dir='ltr'>et</span> <span class='ocrx_word' id='word_1_76' title='bbox 361 985 571 1028; x_wconf 80' lang='lat' dir='ltr'>haereret</span> <span class='ocrx_word' id='word_1_77' title='bbox 599 991 731 1043; x_wconf 86' lang='lat' dir='ltr'>nigro</span> <span class='ocrx_word' id='word_1_78' title='bbox 763 986 910 1043; x_wconf 82' lang='lat' dir='ltr'>fuligo</span> <span class='ocrx_word' id='word_1_79' title='bbox 940 987 1139 1029; x_wconf 70' lang='lat' dir='ltr'>Maroni.</span> 
     </span>
    </p>

    <p class='ocr_par' dir='ltr' id='par_1_6' title="bbox 74 1053 1261 1249">
     <span class='ocr_line' id='line_1_13' title="bbox 74 1053 1261 1111; baseline -0.001 -15"><span class='ocrx_word' id='word_1_80' title='bbox 74 1053 197 1096; x_wconf 81' lang='lat' dir='ltr'>Rara</span> <span class='ocrx_word' id='word_1_81' title='bbox 232 1061 386 1095; x_wconf 85' lang='lat' dir='ltr'>tamen</span> <span class='ocrx_word' id='word_1_82' title='bbox 419 1069 616 1108; x_wconf 87' lang='lat' dir='ltr'>merces,</span> <span class='ocrx_word' id='word_1_83' title='bbox 652 1070 764 1111; x_wconf 83' lang='lat' dir='ltr'>quae</span> <span class='ocrx_word' id='word_1_84' title='bbox 797 1059 1058 1111; x_wconf 71' lang='lat' dir='ltr'>cognitione</span> <span class='ocrx_word' id='word_1_85' title='bbox 1088 1055 1261 1096; x_wconf 82' lang='lat' dir='ltr'>tribuni</span> 
     </span>
     <span class='ocr_line' id='line_1_14' title="bbox 74 1121 1224 1180; baseline 0 -16"><span class='ocrx_word' id='word_1_86' title='bbox 74 1121 186 1164; x_wconf 88' lang='lat' dir='ltr'>Non</span> <span class='ocrx_word' id='word_1_87' title='bbox 215 1130 352 1178; x_wconf 83' lang='lat' dir='ltr'>egeat.</span> <span class='ocrx_word' id='word_1_88' title='bbox 422 1121 508 1165; x_wconf 89' lang='lat' dir='ltr'>Sed</span> <span class='ocrx_word' id='word_1_89' title='bbox 540 1138 619 1165; x_wconf 76' lang='lat' dir='ltr'>vos</span> <span class='ocrx_word' id='word_1_90' title='bbox 651 1139 800 1166; x_wconf 83' lang='lat' dir='ltr'>saevas</span> <span class='ocrx_word' id='word_1_91' title='bbox 832 1127 1056 1180; x_wconf 77' lang='lat' dir='ltr'>imponite</span> <span class='ocrx_word' id='word_1_92' title='bbox 1088 1124 1224 1179; x_wconf 84' lang='lat' dir='ltr'>leges,</span> 
     </span>
     <span class='ocr_line' id='line_1_15' title="bbox 77 1189 1138 1249; baseline 0 -17"><span class='ocrx_word' id='word_1_93' title='bbox 77 1189 146 1232; x_wconf 80' lang='lat' dir='ltr'>Ut</span> <span class='ocrx_word' id='word_1_94' title='bbox 166 1193 455 1249; x_wconf 79' lang='lat' dir='ltr'>praeceptori</span> <span class='ocrx_word' id='word_1_95' title='bbox 485 1191 731 1233; x_wconf 82' lang='lat' dir='ltr'>Verborum</span> <span class='ocrx_word' id='word_1_96' title='bbox 761 1192 918 1247; x_wconf 82' lang='lat' dir='ltr'>regula</span> <span class='ocrx_word' id='word_1_97' title='bbox 948 1200 1138 1243; x_wconf 78' lang='lat' dir='ltr'>constet,</span> 
     </span>
    </p>

    <p class='ocr_par' dir='ltr' id='par_1_7' title="bbox 76 1248 1462 1725">
     <span class='ocr_line' id='line_1_16' title="bbox 77 1248 1225 1315; baseline 0 -15"><span class='ocrx_word' id='word_1_98' title='bbox 77 1257 148 1300; x_wconf 84' lang='lat' dir='ltr'>Ut</span> <span class='ocrx_word' id='word_1_99' title='bbox 176 1248 303 1315; x_wconf 26' lang='lat' dir='ltr'>legat*</span> <span class='ocrx_word' id='word_1_100' title='bbox 330 1259 567 1311; x_wconf 78' lang='lat' dir='ltr'>historias,</span> <span class='ocrx_word' id='word_1_101' title='bbox 605 1268 811 1302; x_wconf 78' lang='lat' dir='ltr'>auctores</span> <span class='ocrx_word' id='word_1_102' title='bbox 842 1262 1024 1301; x_wconf 74' lang='lat' dir='ltr'>noverit</span> <span class='ocrx_word' id='word_1_103' title='bbox 1054 1271 1225 1311; x_wconf 83' lang='lat' dir='ltr'>omnes,</span> 
     </span>
     <span class='ocr_line' id='line_1_17' title="bbox 76 1326 1461 1384; baseline 0.001 -15"><span class='ocrx_word' id='word_1_104' title='bbox 76 1326 336 1384; x_wconf 85' lang='lat' dir='ltr'>Tamquam</span> <span class='ocrx_word' id='word_1_105' title='bbox 369 1342 542 1384; x_wconf 85' lang='lat' dir='ltr'>ungues</span> <span class='ocrx_word' id='word_1_106' title='bbox 573 1329 826 1384; x_wconf 82' lang='lat' dir='ltr'>digitosque</span> <span class='ocrx_word' id='word_1_107' title='bbox 861 1343 989 1379; x_wconf 82' lang='lat' dir='ltr'>suos;</span> <span class='ocrx_word' id='word_1_108' title='bbox 1030 1335 1084 1369; x_wconf 85' lang='lat' dir='ltr'>ut</span> <span class='ocrx_word' id='word_1_109' title='bbox 1109 1326 1231 1369; x_wconf 81' lang='lat' dir='ltr'>forte</span> <span class='ocrx_word' id='word_1_110' title='bbox 1262 1337 1461 1384; x_wconf 78' lang='lat' dir='ltr'>rogatus,</span> 
     </span>
     <span class='ocr_line' id='line_1_18' title="bbox 77 1395 1370 1454; baseline 0.002 -16"><span class='ocrx_word' id='word_1_111' title='bbox 77 1395 207 1438; x_wconf 88' lang='lat' dir='ltr'>Dum</span> <span class='ocrx_word' id='word_1_112' title='bbox 241 1399 357 1454; x_wconf 84' lang='lat' dir='ltr'>petit</span> <span class='ocrx_word' id='word_1_113' title='bbox 391 1404 470 1437; x_wconf 82' lang='lat' dir='ltr'>aut</span> <span class='ocrx_word' id='word_1_114' title='bbox 501 1396 701 1439; x_wconf 85' lang='lat' dir='ltr'>thermas</span> <span class='ocrx_word' id='word_1_115' title='bbox 732 1404 810 1438; x_wconf 86' lang='lat' dir='ltr'>aut</span> <span class='ocrx_word' id='word_1_116' title='bbox 838 1395 1010 1437; x_wconf 86' lang='lat' dir='ltr'>Phoebi</span> <span class='ocrx_word' id='word_1_117' title='bbox 1038 1395 1219 1446; x_wconf 83' lang='lat' dir='ltr'>balnea,</span> <span class='ocrx_word' id='word_1_118' title='bbox 1252 1396 1370 1440; x_wconf 87' lang='lat' dir='ltr'>dicat</span> 
     </span>
     <span class='ocr_line' id='line_1_19' title="bbox 77 1462 1380 1521; baseline 0 -12"><span class='ocrx_word' id='word_1_119' title='bbox 77 1463 320 1509; x_wconf 86' lang='lat' dir='ltr'>Nutricem</span> <span class='ocrx_word' id='word_1_120' title='bbox 352 1462 603 1518; x_wconf 85' lang='lat' dir='ltr'>Anchisae,</span> <span class='ocrx_word' id='word_1_121' title='bbox 646 1480 816 1507; x_wconf 87' lang='lat' dir='ltr'>nomen</span> <span class='ocrx_word' id='word_1_122' title='bbox 846 1467 1130 1521; x_wconf 79' lang='lat' dir='ltr'>patriamque</span> <span class='ocrx_word' id='word_1_123' title='bbox 1160 1479 1380 1509; x_wconf 76' lang='lat' dir='ltr'>novercae</span> 
     </span>
     <span class='ocr_line' id='line_1_20' title="bbox 79 1530 1462 1588; baseline 0 -14"><span class='ocrx_word' id='word_1_124' title='bbox 79 1530 384 1585; x_wconf 81' lang='lat' dir='ltr'>Anchemoli;</span> <span class='ocrx_word' id='word_1_125' title='bbox 419 1533 559 1586; x_wconf 82' lang='lat' dir='ltr'>dicat,</span> <span class='ocrx_word' id='word_1_126' title='bbox 601 1541 715 1588; x_wconf 88' lang='lat' dir='ltr'>quot</span> <span class='ocrx_word' id='word_1_127' title='bbox 744 1531 932 1575; x_wconf 86' lang='lat' dir='ltr'>Acestes</span> <span class='ocrx_word' id='word_1_128' title='bbox 960 1535 1130 1574; x_wconf 78' lang='lat' dir='ltr'>vixerit</span> <span class='ocrx_word' id='word_1_129' title='bbox 1162 1547 1322 1587; x_wconf 83' lang='lat' dir='ltr'>annos,</span> <span class='ocrx_word' id='word_1_130' title='bbox 1368 1537 1462 1580; x_wconf 84' lang='lat'>235</span> 
     </span>
     <span class='ocr_line' id='line_1_21' title="bbox 81 1600 1297 1657; baseline 0 -14"><span class='ocrx_word' id='word_1_131' title='bbox 81 1600 211 1652; x_wconf 80' lang='lat' dir='ltr'>Quot</span> <span class='ocrx_word' id='word_1_132' title='bbox 239 1600 417 1642; x_wconf 88' lang='lat' dir='ltr'>Siculus</span> <span class='ocrx_word' id='word_1_133' title='bbox 449 1600 709 1657; x_wconf 69' lang='lat' dir='ltr'>Phrygibus</span> <span class='ocrx_word' id='word_1_134' title='bbox 744 1604 841 1643; x_wconf 80' lang='lat' dir='ltr'>vini</span> <span class='ocrx_word' id='word_1_135' title='bbox 871 1602 1109 1642; x_wconf 78' lang='lat' dir='ltr'>donaverit</span> <span class='ocrx_word' id='word_1_136' title='bbox 1143 1615 1297 1643; x_wconf 88' lang='lat' dir='ltr'>urnas.</span> 
     </span>
     <span class='ocr_line' id='line_1_22' title="bbox 81 1667 1263 1725; baseline -0.001 -14"><span class='ocrx_word' id='word_1_137' title='bbox 81 1667 292 1725; x_wconf 84' lang='lat' dir='ltr'>Exigite,</span> <span class='ocrx_word' id='word_1_138' title='bbox 320 1676 374 1710; x_wconf 84' lang='lat' dir='ltr'>ut</span> <span class='ocrx_word' id='word_1_139' title='bbox 402 1684 552 1710; x_wconf 83' lang='lat' dir='ltr'>mores</span> <span class='ocrx_word' id='word_1_140' title='bbox 582 1677 763 1711; x_wconf 85' lang='lat' dir='ltr'>teneros</span> <span class='ocrx_word' id='word_1_141' title='bbox 795 1684 876 1710; x_wconf 88' lang='lat' dir='ltr'>ceu</span> <span class='ocrx_word' id='word_1_142' title='bbox 911 1668 1080 1725; x_wconf 85' lang='lat' dir='ltr'>pollice</span> <span class='ocrx_word' id='word_1_143' title='bbox 1113 1668 1263 1721; x_wconf 78' lang='lat' dir='ltr'>ducat,</span> 
     </span>
    </p>

    <p class='ocr_par' dir='ltr' id='par_1_8' title="bbox 84 1735 1263 1794">
     <span class='ocr_line' id='line_1_23' title="bbox 84 1735 1263 1794; baseline -0.002 -14"><span class='ocrx_word' id='word_1_144' title='bbox 84 1735 153 1780; x_wconf 87' lang='lat' dir='ltr'>Ut</span> <span class='ocrx_word' id='word_1_145' title='bbox 181 1739 218 1779; x_wconf 90' lang='lat' dir='ltr'>si</span> <span class='ocrx_word' id='word_1_146' title='bbox 249 1739 348 1794; x_wconf 86' lang='lat' dir='ltr'>quis</span> <span class='ocrx_word' id='word_1_147' title='bbox 378 1751 479 1779; x_wconf 82' lang='lat' dir='ltr'>cera</span> <span class='ocrx_word' id='word_1_148' title='bbox 513 1736 695 1780; x_wconf 83' lang='lat' dir='ltr'>vultum</span> <span class='ocrx_word' id='word_1_149' title='bbox 725 1736 854 1779; x_wconf 82' lang='lat' dir='ltr'>facit:</span> <span class='ocrx_word' id='word_1_150' title='bbox 896 1738 1086 1791; x_wconf 74' lang='lat' dir='ltr'>exigite,</span> <span class='ocrx_word' id='word_1_151' title='bbox 1121 1742 1174 1777; x_wconf 81' lang='lat' dir='ltr'>ut</span> <span class='ocrx_word' id='word_1_152' title='bbox 1205 1739 1263 1778; x_wconf 87' lang='lat' dir='ltr'>sit</span> 
     </span>
    </p>
   </div>
   <div class='ocr_carea' id='block_1_2' title="bbox 1366 1193 1461 1237">
    <p class='ocr_par' dir='ltr' id='par_1_9' title="bbox 1366 1193 1461 1237">
     <span class='ocr_line' id='line_1_24' title="bbox 1366 1193 1461 1237; baseline -0.011 0"><span class='ocrx_word' id='word_1_153' title='bbox 1366 1193 1461 1237; x_wconf 81' lang='lat'>230</span> 
     </span>
    </p>
   </div>
   <div class='ocr_carea' id='block_1_3' title="bbox 133 1890 743 1936">
    <p class='ocr_par' dir='ltr' id='par_1_10' title="bbox 133 1890 743 1936">
     <span class='ocr_line' id='line_1_25' title="bbox 133 1890 743 1936; baseline 0.005 -14"><span class='ocrx_word' id='word_1_154' title='bbox 133 1901 211 1934; x_wconf 83' lang='lat'>217.</span> <span class='ocrx_word' id='word_1_155' title='bbox 262 1890 379 1923; x_wconf 79' lang='lat' dir='ltr'>minor</span> <span class='ocrx_word' id='word_1_156' title='bbox 405 1890 458 1924; x_wconf 81' lang='lat'>24.</span> <span class='ocrx_word' id='word_1_157' title='bbox 489 1908 528 1917; x_wconf 90' lang='lat'>—</span> <span class='ocrx_word' id='word_1_158' title='bbox 558 1898 654 1925; x_wconf 73' lang='lat' dir='ltr'>certe</span> <span class='ocrx_word' id='word_1_159' title='bbox 678 1903 743 1936; x_wconf 82' lang='lat' dir='ltr'>pro</span> 
     </span>
    </p>
   </div>
   <div class='ocr_carea' id='block_1_4' title="bbox 85 1947 750 2300">
    <p class='ocr_par' dir='ltr' id='par_1_11' title="bbox 85 1947 745 2049">
     <span class='ocr_line' id='line_1_26' title="bbox 85 1947 745 1995; baseline 0.003 -15"><span class='ocrx_word' id='word_1_160' title='bbox 85 1953 208 1983; x_wconf 71' lang='lat' dir='ltr'>autem</span> <span class='ocrx_word' id='word_1_161' title='bbox 225 1959 280 1980; x_wconf 87' lang='lat'>22.</span> <span class='ocrx_word' id='word_1_162' title='bbox 312 1947 438 1995; x_wconf 29' lang='lat' dir='ltr'>&#39;multo</span> <span class='ocrx_word' id='word_1_163' title='bbox 458 1959 520 1991; x_wconf 83' lang='lat' dir='ltr'>pro</span> <span class='ocrx_word' id='word_1_164' title='bbox 546 1955 667 1982; x_wconf 78' lang='lat' dir='ltr'>autem</span> <span class='ocrx_word' id='word_1_165' title='bbox 689 1949 745 1983; x_wconf 84' lang='lat'>26.</span> 
     </span>
     <span class='ocr_line' id='line_1_27' title="bbox 98 2016 592 2049; baseline -0.002 0"><span class='ocrx_word' id='word_1_166' title='bbox 98 2029 100 2031; x_wconf 69' lang='grc'><strong><em>’</em></strong></span> <span class='ocrx_word' id='word_1_167' title='bbox 134 2016 211 2049; x_wconf 85' lang='lat'>218.</span> <span class='ocrx_word' id='word_1_168' title='bbox 238 2029 269 2048; x_wconf 80' lang='lat' dir='ltr'>v.</span> <span class='ocrx_word' id='word_1_169' title='bbox 290 2017 434 2049; x_wconf 80' lang='lat' dir='ltr'>Excurs.</span> <span class='ocrx_word' id='word_1_170' title='bbox 455 2016 547 2048; x_wconf 81' lang='lat' dir='ltr'>adh.</span> <span class='ocrx_word' id='word_1_171' title='bbox 566 2017 592 2048; x_wconf 86' lang='lat' dir='ltr'>l.</span> 
     </span>
    </p>

    <p class='ocr_par' dir='ltr' id='par_1_12' title="bbox 87 2081 750 2300">
     <span class='ocr_line' id='line_1_28' title="bbox 131 2081 747 2127; baseline 0.002 -12"><span class='ocrx_word' id='word_1_172' title='bbox 131 2092 210 2126; x_wconf 81' lang='lat'><strong>219.</strong></span> <span class='ocrx_word' id='word_1_173' title='bbox 225 2081 388 2127; x_wconf 74' lang='lat' dir='ltr'>franget</span> <span class='ocrx_word' id='word_1_174' title='bbox 410 2095 460 2116; x_wconf 89' lang='lat'>11.</span> <span class='ocrx_word' id='word_1_175' title='bbox 485 2083 536 2115; x_wconf 68' lang='lat'>14.</span> <span class='ocrx_word' id='word_1_176' title='bbox 560 2082 747 2126; x_wconf 78' lang='lat' dir='ltr'>17-2o.23.</span> 
     </span>
     <span class='ocr_line' id='line_1_29' title="bbox 87 2138 748 2185; baseline 0.002 -14"><span class='ocrx_word' id='word_1_177' title='bbox 87 2138 142 2171; x_wconf 75' lang='lat'>25.</span> <span class='ocrx_word' id='word_1_178' title='bbox 163 2139 218 2171; x_wconf 68' lang='lat'>25.</span> <span class='ocrx_word' id='word_1_179' title='bbox 244 2150 297 2182; x_wconf 85' lang='lat'>27.</span> <span class='ocrx_word' id='word_1_180' title='bbox 315 2138 371 2171; x_wconf 77' lang='lat'>46.</span> <span class='ocrx_word' id='word_1_181' title='bbox 389 2138 444 2183; x_wconf 71' lang='grc'>47.</span> <span class='ocrx_word' id='word_1_182' title='bbox 464 2139 519 2171; x_wconf 69' lang='grc'>48.</span> <span class='ocrx_word' id='word_1_183' title='bbox 542 2139 596 2183; x_wconf 68' lang='grc'>57.</span> <span class='ocrx_word' id='word_1_184' title='bbox 614 2139 669 2172; x_wconf 79' lang='lat'>58.</span> <span class='ocrx_word' id='word_1_185' title='bbox 693 2140 748 2185; x_wconf 80' lang='lat'>59.</span> 
     </span>
     <span class='ocr_line' id='line_1_30' title="bbox 89 2193 750 2229; baseline 0.006 -4"><span class='ocrx_word' id='word_1_186' title='bbox 89 2202 125 2226; x_wconf 83' lang='lat' dir='ltr'>et</span> <span class='ocrx_word' id='word_1_187' title='bbox 143 2193 208 2226; x_wconf 81' lang='lat' dir='ltr'>XV</span> <span class='ocrx_word' id='word_1_188' title='bbox 228 2195 332 2228; x_wconf 83' lang='lat' dir='ltr'>codd.</span> <span class='ocrx_word' id='word_1_189' title='bbox 351 2195 457 2227; x_wconf 74' lang='lat' dir='ltr'>Paris.</span> <span class='ocrx_word' id='word_1_190' title='bbox 489 2196 635 2228; x_wconf 78' lang='lat' dir='ltr'>Restitui</span> <span class='ocrx_word' id='word_1_191' title='bbox 655 2197 750 2229; x_wconf 84' lang='lat' dir='ltr'>illud</span> 
     </span>
     <span class='ocr_line' id='line_1_31' title="bbox 91 2251 723 2300; baseline 0.005 -17"><span class='ocrx_word' id='word_1_192' title='bbox 91 2262 184 2284; x_wconf 85' lang='lat' dir='ltr'>nunc</span> <span class='ocrx_word' id='word_1_193' title='bbox 199 2264 280 2284; x_wconf 87' lang='lat' dir='ltr'>cum</span> <span class='ocrx_word' id='word_1_194' title='bbox 289 2251 375 2285; x_wconf 64' lang='lat' dir='ltr'>Aah.</span> <span class='ocrx_word' id='word_1_195' title='bbox 383 2264 448 2296; x_wconf 76' lang='lat' dir='ltr'>pro</span> <span class='ocrx_word' id='word_1_196' title='bbox 461 2254 556 2296; x_wconf 70' lang='lat' dir='ltr'>vulg.</span> <span class='ocrx_word' id='word_1_197' title='bbox 556 2253 723 2300; x_wconf 77' lang='lat' dir='ltr'>frangit.</span> 
     </span>
    </p>
   </div>
   <div class='ocr_carea' id='block_1_5' title="bbox 94 2320 754 2535">
    <p class='ocr_par' dir='ltr' id='par_1_13' title="bbox 94 2320 754 2535">
     <span class='ocr_line' id='line_1_32' title="bbox 139 2320 753 2366; baseline 0.007 -16"><span class='ocrx_word' id='word_1_198' title='bbox 139 2320 322 2352; x_wconf 80' lang='lat'><strong>222-224.</strong></span> <span class='ocrx_word' id='word_1_199' title='bbox 351 2320 475 2353; x_wconf 83' lang='lat' dir='ltr'>absunt</span> <span class='ocrx_word' id='word_1_200' title='bbox 500 2334 518 2353; x_wconf 84' lang='lat' dir='ltr'>a</span> <span class='ocrx_word' id='word_1_201' title='bbox 538 2332 590 2366; x_wconf 77' lang='lat'>19.</span> <span class='ocrx_word' id='word_1_202' title='bbox 608 2333 653 2353; x_wconf 83' lang='lat' dir='ltr'>ne</span> <span class='ocrx_word' id='word_1_203' title='bbox 662 2333 753 2366; x_wconf 80' lang='lat' dir='ltr'>per—</span> 
     </span>
     <span class='ocr_line' id='line_1_33' title="bbox 94 2377 754 2412; baseline 0.009 -6"><span class='ocrx_word' id='word_1_204' title='bbox 94 2380 158 2407; x_wconf 80' lang='lat' dir='ltr'>eat</span> <span class='ocrx_word' id='word_1_205' title='bbox 200 2386 252 2409; x_wconf 81' lang='lat'>10.</span> <span class='ocrx_word' id='word_1_206' title='bbox 298 2387 352 2409; x_wconf 84' lang='lat'>20.</span> <span class='ocrx_word' id='word_1_207' title='bbox 379 2389 434 2411; x_wconf 77' lang='lat'>21.</span> <span class='ocrx_word' id='word_1_208' title='bbox 464 2390 518 2411; x_wconf 78' lang='lat'>22.</span> <span class='ocrx_word' id='word_1_209' title='bbox 547 2377 602 2411; x_wconf 77' lang='lat'>60.</span> <span class='ocrx_word' id='word_1_210' title='bbox 634 2380 754 2412; x_wconf 79' lang='lat'>65..—</span> 
     </span>
     <span class='ocr_line' id='line_1_34' title="bbox 97 2429 753 2479; baseline 0.008 -15"><span class='ocrx_word' id='word_1_211' title='bbox 97 2429 224 2464; x_wconf 81' lang='lat' dir='ltr'>umbra</span> <span class='ocrx_word' id='word_1_212' title='bbox 251 2442 314 2474; x_wconf 85' lang='lat' dir='ltr'>pro</span> <span class='ocrx_word' id='word_1_213' title='bbox 352 2432 443 2466; x_wconf 74' lang='lat' dir='ltr'>hora</span> <span class='ocrx_word' id='word_1_214' title='bbox 479 2447 510 2479; x_wconf 92' lang='lat'>7.</span> <span class='ocrx_word' id='word_1_215' title='bbox 550 2447 638 2477; x_wconf 87' lang='lat' dir='ltr'>quae</span> <span class='ocrx_word' id='word_1_216' title='bbox 673 2448 753 2469; x_wconf 68' lang='lat' dir='ltr'>vera</span> 
     </span>
     <span class='ocr_line' id='line_1_35' title="bbox 96 2488 753 2535; baseline 0.008 -15"><span class='ocrx_word' id='word_1_217' title='bbox 96 2488 188 2520; x_wconf 81' lang='lat' dir='ltr'>forte</span> <span class='ocrx_word' id='word_1_218' title='bbox 205 2488 311 2520; x_wconf 75' lang='lat' dir='ltr'>lectio</span> <span class='ocrx_word' id='word_1_219' title='bbox 332 2498 381 2521; x_wconf 83' lang='lat' dir='ltr'>est</span> <span class='ocrx_word' id='word_1_220' title='bbox 395 2515 404 2532; x_wconf 93' lang='lat'>,</span> <span class='ocrx_word' id='word_1_221' title='bbox 436 2500 527 2524; x_wconf 86' lang='lat' dir='ltr'>certe</span> <span class='ocrx_word' id='word_1_222' title='bbox 548 2494 753 2535; x_wconf 79' lang='lat' dir='ltr'>elegantior.</span> 
     </span>
    </p>
   </div>
   <div class='ocr_carea' id='block_1_6' title="bbox 144 2555 754 2595">
    <p class='ocr_par' dir='ltr' id='par_1_14' title="bbox 144 2555 754 2595">
     <span class='ocr_line' id='line_1_36' title="bbox 144 2555 754 2595; baseline 0.013 -8"><span class='ocrx_word' id='word_1_223' title='bbox 144 2555 222 2589; x_wconf 81' lang='lat'><strong>225.</strong></span> <span class='ocrx_word' id='word_1_224' title='bbox 246 2555 396 2588; x_wconf 73' lang='lat' dir='ltr'>sedebat</span> <span class='ocrx_word' id='word_1_225' title='bbox 420 2569 472 2591; x_wconf 75' lang='grc' dir='ltr'>ιο.</span> <span class='ocrx_word' id='word_1_226' title='bbox 495 2571 546 2592; x_wconf 85' lang='grc'><strong>11.</strong></span> <span class='ocrx_word' id='word_1_227' title='bbox 570 2562 754 2595; x_wconf 49' lang='lat' dir='ltr'>immi-18.</span> 
     </span>
    </p>
   </div>
   <div class='ocr_carea' id='block_1_7' title="bbox 805 1889 1470 1994">
    <p class='ocr_par' dir='ltr' id='par_1_15' title="bbox 805 1889 1470 1994">
     <span class='ocr_line' id='line_1_37' title="bbox 847 1889 1470 1936; baseline 0.011 -15"><span class='ocrx_word' id='word_1_228' title='bbox 847 1902 923 1936; x_wconf 80' lang='lat'><strong>229.</strong></span> <span class='ocrx_word' id='word_1_229' title='bbox 951 1889 1049 1936; x_wconf 78' lang='lat' dir='ltr'>leges</span> <span class='ocrx_word' id='word_1_230' title='bbox 1073 1890 1249 1934; x_wconf 83' lang='lat' dir='ltr'>imponite</span> <span class='ocrx_word' id='word_1_231' title='bbox 1266 1901 1400 1926; x_wconf 72' lang='lat' dir='ltr'>saevas</span> <span class='ocrx_word' id='word_1_232' title='bbox 1416 1895 1470 1930; x_wconf 82' lang='lat'>16.</span> 
     </span>
     <span class='ocr_line' id='line_1_38' title="bbox 805 1948 1178 1994; baseline -0.005 -13"><span class='ocrx_word' id='word_1_233' title='bbox 805 1960 858 1994; x_wconf 83' lang='lat'>19.</span> <span class='ocrx_word' id='word_1_234' title='bbox 907 1958 1060 1980; x_wconf 79' lang='lat' dir='ltr'>scaevas</span> <span class='ocrx_word' id='word_1_235' title='bbox 1078 1948 1135 1992; x_wconf 80' lang='lat'>49.</span> <span class='ocrx_word' id='word_1_236' title='bbox 1173 1953 1178 1955; x_wconf 67' lang='grc'><strong><em>’</em></strong></span> 
     </span>
    </p>
   </div>
   <div class='ocr_carea' id='block_1_8' title="bbox 807 2013 1473 2107">
    <p class='ocr_par' dir='ltr' id='par_1_16' title="bbox 807 2013 1473 2107">
     <span class='ocr_line' id='line_1_39' title="bbox 851 2013 1473 2060; baseline 0.01 -13"><span class='ocrx_word' id='word_1_237' title='bbox 851 2017 929 2050; x_wconf 76' lang='lat'>255:</span> <span class='ocrx_word' id='word_1_238' title='bbox 958 2015 1041 2047; x_wconf 71' lang='lat' dir='ltr'>Cam</span> <span class='ocrx_word' id='word_1_239' title='bbox 1059 2027 1114 2048; x_wconf 87' lang='lat'>20.</span> <span class='ocrx_word' id='word_1_240' title='bbox 1141 2033 1187 2041; x_wconf 89' lang='lat'>-</span> <span class='ocrx_word' id='word_1_241' title='bbox 1207 2013 1312 2060; x_wconf 72' lang='lat' dir='ltr'>plebi</span> <span class='ocrx_word' id='word_1_242' title='bbox 1337 2016 1473 2054; x_wconf 74' lang='lat' dir='ltr'>balnea.</span> 
     </span>
     <span class='ocr_line' id='line_1_40' title="bbox 807 2072 944 2107; baseline -0.015 0"><span class='ocrx_word' id='word_1_243' title='bbox 807 2073 863 2107; x_wconf 84' lang='lat'>60.</span> <span class='ocrx_word' id='word_1_244' title='bbox 888 2072 944 2106; x_wconf 83' lang='grc'>65.</span> 
     </span>
    </p>
   </div>
   <div class='ocr_carea' id='block_1_9' title="bbox 854 2141 1412 2186">
    <p class='ocr_par' dir='ltr' id='par_1_17' title="bbox 854 2141 1412 2186">
     <span class='ocr_line' id='line_1_41' title="bbox 854 2141 1412 2186; baseline 0.002 -12"><span class='ocrx_word' id='word_1_245' title='bbox 854 2141 932 2174; x_wconf 63' lang='lat'>232.</span> <span class='ocrx_word' id='word_1_246' title='bbox 950 2141 1118 2185; x_wconf 80' lang='lat' dir='ltr'>patriam</span> <span class='ocrx_word' id='word_1_247' title='bbox 1139 2151 1339 2186; x_wconf 81' lang='lat' dir='ltr'>nomenque</span> <span class='ocrx_word' id='word_1_248' title='bbox 1354 2141 1412 2175; x_wconf 79' lang='lat'>45.</span> 
     </span>
    </p>
   </div>
   <div class='ocr_carea' id='block_1_10' title="bbox 808 2208 1475 2469">
    <p class='ocr_par' dir='ltr' id='par_1_18' title="bbox 808 2208 1475 2469">
     <span class='ocr_line' id='line_1_42' title="bbox 854 2208 1470 2252; baseline 0.002 -10"><span class='ocrx_word' id='word_1_249' title='bbox 854 2210 931 2243; x_wconf 76' lang='lat'>255.</span> <span class='ocrx_word' id='word_1_250' title='bbox 956 2208 1175 2241; x_wconf 73' lang='lat' dir='ltr'>Anchemoli</span> <span class='ocrx_word' id='word_1_251' title='bbox 1203 2211 1320 2252; x_wconf 82' lang='lat' dir='ltr'>recepi</span> <span class='ocrx_word' id='word_1_252' title='bbox 1349 2221 1391 2243; x_wconf 81' lang='lat' dir='ltr'>ex</span> <span class='ocrx_word' id='word_1_253' title='bbox 1416 2211 1470 2246; x_wconf 82' lang='lat'>25.</span> 
     </span>
     <span class='ocr_line' id='line_1_43' title="bbox 808 2265 1472 2311; baseline 0.006 -11"><span class='ocrx_word' id='word_1_254' title='bbox 808 2278 864 2311; x_wconf 81' lang='lat'>27.</span> <span class='ocrx_word' id='word_1_255' title='bbox 880 2267 936 2299; x_wconf 66' lang='lat'>46.</span> <span class='ocrx_word' id='word_1_256' title='bbox 956 2266 1012 2309; x_wconf 85' lang='lat'>47.</span> <span class='ocrx_word' id='word_1_257' title='bbox 1033 2265 1089 2299; x_wconf 84' lang='lat'>48.</span> <span class='ocrx_word' id='word_1_258' title='bbox 1111 2266 1166 2299; x_wconf 86' lang='lat'>50.</span> <span class='ocrx_word' id='word_1_259' title='bbox 1190 2265 1330 2299; x_wconf 84' lang='lat'><strong>56-60.</strong></span> <span class='ocrx_word' id='word_1_260' title='bbox 1352 2269 1472 2304; x_wconf 74' lang='lat'><strong>64.65.</strong></span> 
     </span>
     <span class='ocr_line' id='line_1_44' title="bbox 811 2323 1473 2370; baseline 0.006 -15"><span class='ocrx_word' id='word_1_261' title='bbox 811 2335 865 2368; x_wconf 87' lang='lat'>77.</span> <span class='ocrx_word' id='word_1_262' title='bbox 891 2323 986 2355; x_wconf 78' lang='lat' dir='ltr'>Serv.</span> <span class='ocrx_word' id='word_1_263' title='bbox 1010 2331 1043 2355; x_wconf 86' lang='lat' dir='ltr'>et</span> <span class='ocrx_word' id='word_1_264' title='bbox 1059 2324 1238 2366; x_wconf 80' lang='lat' dir='ltr'>plerisque</span> <span class='ocrx_word' id='word_1_265' title='bbox 1256 2323 1355 2356; x_wconf 85' lang='lat' dir='ltr'>libris</span> <span class='ocrx_word' id='word_1_266' title='bbox 1374 2325 1473 2370; x_wconf 85' lang='lat' dir='ltr'>Virg.</span> 
     </span>
     <span class='ocr_line' id='line_1_45' title="bbox 808 2378 1475 2424; baseline 0 -13"><span class='ocrx_word' id='word_1_267' title='bbox 808 2380 897 2412; x_wconf 88' lang='lat' dir='ltr'>Aen.</span> <span class='ocrx_word' id='word_1_268' title='bbox 915 2379 959 2420; x_wconf 80' lang='lat' dir='ltr'>X,</span> <span class='ocrx_word' id='word_1_269' title='bbox 979 2379 1057 2424; x_wconf 78' lang='lat'><strong>589.</strong></span> <span class='ocrx_word' id='word_1_270' title='bbox 1090 2392 1122 2412; x_wconf 74' lang='lat' dir='ltr'>v.</span> <span class='ocrx_word' id='word_1_271' title='bbox 1143 2378 1284 2412; x_wconf 86' lang='lat' dir='ltr'>Comm.</span> <span class='ocrx_word' id='word_1_272' title='bbox 1330 2383 1475 2417; x_wconf 81' lang='lat' dir='ltr'>Arche-</span> 
     </span>
     <span class='ocr_line' id='line_1_46' title="bbox 810 2436 966 2469; baseline 0 -1"><span class='ocrx_word' id='word_1_273' title='bbox 810 2436 897 2468; x_wconf 79' lang='lat' dir='ltr'>moli</span> <span class='ocrx_word' id='word_1_274' title='bbox 923 2436 966 2469; x_wconf 77' lang='lat'>45</span> 
     </span>
    </p>
   </div>
   <div class='ocr_carea' id='block_1_11' title="bbox 1000 2436 1476 2475">
    <p class='ocr_par' dir='ltr' id='par_1_19' title="bbox 1000 2436 1476 2475">
     <span class='ocr_line' id='line_1_47' title="bbox 1000 2436 1476 2475; baseline 0.017 -8"><span class='ocrx_word' id='word_1_275' title='bbox 1000 2449 1018 2468; x_wconf 86' lang='lat' dir='ltr'>a</span> <span class='ocrx_word' id='word_1_276' title='bbox 1038 2449 1087 2468; x_wconf 86' lang='lat' dir='ltr'>m.</span> <span class='ocrx_word' id='word_1_277' title='bbox 1121 2447 1189 2468; x_wconf 84' lang='lat' dir='ltr'>see.</span> <span class='ocrx_word' id='word_1_278' title='bbox 1245 2436 1476 2475; x_wconf 70' lang='lat' dir='ltr'>Anthenorie</span> 
     </span>
    </p>
   </div>
   <div class='ocr_carea' id='block_1_12' title="bbox 812 2492 1474 2536">
    <p class='ocr_par' dir='ltr' id='par_1_20' title="bbox 812 2492 1474 2536">
     <span class='ocr_line' id='line_1_48' title="bbox 812 2492 1474 2536; baseline 0.009 -11"><span class='ocrx_word' id='word_1_279' title='bbox 812 2492 866 2525; x_wconf 80' lang='grc'>16.</span> <span class='ocrx_word' id='word_1_280' title='bbox 907 2492 1124 2525; x_wconf 77' lang='lat' dir='ltr'>Archemori</span> <span class='ocrx_word' id='word_1_281' title='bbox 1141 2495 1178 2525; x_wconf 86' lang='lat' dir='ltr'>in</span> <span class='ocrx_word' id='word_1_282' title='bbox 1194 2493 1340 2536; x_wconf 84' lang='lat' dir='ltr'>reliquis</span> <span class='ocrx_word' id='word_1_283' title='bbox 1362 2497 1474 2532; x_wconf 83' lang='lat' dir='ltr'>libris.</span> 
     </span>
    </p>
   </div>
   <div class='ocr_carea' id='block_1_13' title="bbox 859 2560 1475 2611">
    <p class='ocr_par' dir='ltr' id='par_1_21' title="bbox 859 2560 1475 2611">
     <span class='ocr_line' id='line_1_49' title="bbox 859 2560 1475 2611; baseline 0.015 -19"><span class='ocrx_word' id='word_1_284' title='bbox 859 2560 939 2593; x_wconf 76' lang='lat'><strong>236.</strong></span> <span class='ocrx_word' id='word_1_285' title='bbox 987 2560 1122 2594; x_wconf 78' lang='lat' dir='ltr'>Siculis</span> <span class='ocrx_word' id='word_1_286' title='bbox 1160 2560 1214 2606; x_wconf 83' lang='lat'>75.</span> <span class='ocrx_word' id='word_1_287' title='bbox 1277 2563 1393 2598; x_wconf 77' lang='lat' dir='ltr'>Siculi</span> <span class='ocrx_word' id='word_1_288' title='bbox 1420 2568 1475 2611; x_wconf 78' lang='lat'>75·</span> 
     </span>
    </p>
   </div>
   <div class='ocr_carea' id='block_1_14' title="bbox 99 2611 1115 2666">
    <p class='ocr_par' dir='ltr' id='par_1_22' title="bbox 99 2611 1115 2666">
     <span class='ocr_line' id='line_1_50' title="bbox 99 2611 1115 2666; baseline 0.006 -22"><span class='ocrx_word' id='word_1_289' title='bbox 99 2611 241 2645; x_wconf 82' lang='lat'>20-25.</span> <span class='ocrx_word' id='word_1_290' title='bbox 267 2624 322 2656; x_wconf 84' lang='lat'>27.</span> <span class='ocrx_word' id='word_1_291' title='bbox 353 2612 489 2648; x_wconf 77' lang='lat'><strong>45-50.</strong></span> <span class='ocrx_word' id='word_1_292' title='bbox 514 2615 653 2664; x_wconf 67' lang='lat'><strong>54-59.</strong></span> <span class='ocrx_word' id='word_1_293' title='bbox 693 2631 758 2666; x_wconf 74' lang='grc'>71-</span> <span class='ocrx_word' id='word_1_294' title='bbox 817 2617 920 2661; x_wconf 79' lang='lat' dir='ltr'>prob.</span> <span class='ocrx_word' id='word_1_295' title='bbox 940 2616 978 2650; x_wconf 87' lang='lat' dir='ltr'>C.</span> <span class='ocrx_word' id='word_1_296' title='bbox 1000 2618 1115 2650; x_wconf 82' lang='lat' dir='ltr'>Vales.</span> 
     </span>
    </p>
   </div>
   <div class='ocr_carea' id='block_1_15' title="bbox 67 2669 514 2781">
    <p class='ocr_par' dir='ltr' id='par_1_23' title="bbox 67 2669 514 2781">
     <span class='ocr_line' id='line_1_51' title="bbox 67 2669 232 2729; baseline 0 -28"><span class='ocrx_word' id='word_1_297' title='bbox 67 2726 75 2729; x_wconf 18' lang='grc' dir='ltr'>μ</span> <span class='ocrx_word' id='word_1_298' title='bbox 101 2669 156 2713; x_wconf 82' lang='grc'>74.</span> <span class='ocrx_word' id='word_1_299' title='bbox 178 2681 232 2713; x_wconf 94' lang='grc'><strong>77.</strong></span> 
     </span>
     <span class='ocr_line' id='line_1_52' title="bbox 147 2737 514 2781; baseline 0.008 -12"><span class='ocrx_word' id='word_1_300' title='bbox 147 2737 225 2770; x_wconf 81' lang='lat'><strong>225.</strong></span> <span class='ocrx_word' id='word_1_301' title='bbox 247 2747 292 2769; x_wconf 87' lang='lat' dir='ltr'>ne</span> <span class='ocrx_word' id='word_1_302' title='bbox 304 2744 438 2781; x_wconf 81' lang='lat' dir='ltr'>pereat</span> <span class='ocrx_word' id='word_1_303' title='bbox 462 2745 514 2772; x_wconf 75' lang='grc' dir='ltr'>ιο.</span> 
     </span>
    </p>
   </div>
   <div class='ocr_carea' id='block_1_16' title="bbox 816 2685 1472 2786">
    <p class='ocr_par' dir='ltr' id='par_1_24' title="bbox 816 2685 1472 2786">
     <span class='ocr_line' id='line_1_53' title="bbox 861 2685 1472 2734; baseline 0.015 -16"><span class='ocrx_word' id='word_1_304' title='bbox 861 2685 939 2719; x_wconf 71' lang='lat'><strong>258.</strong></span> <span class='ocrx_word' id='word_1_305' title='bbox 974 2686 1013 2718; x_wconf 79' lang='lat' dir='ltr'>in</span> <span class='ocrx_word' id='word_1_306' title='bbox 1031 2697 1116 2719; x_wconf 83' lang='lat' dir='ltr'>cera</span> <span class='ocrx_word' id='word_1_307' title='bbox 1137 2685 1188 2722; x_wconf 85' lang='lat'>15.</span> <span class='ocrx_word' id='word_1_308' title='bbox 1215 2689 1472 2734; x_wconf 59' lang='lat' dir='ltr'>ceraeCasauh.</span> 
     </span>
     <span class='ocr_line' id='line_1_54' title="bbox 816 2742 1114 2786; baseline 0.01 -11"><span class='ocrx_word' id='word_1_309' title='bbox 816 2742 862 2775; x_wconf 78' lang='lat' dir='ltr'>acl</span> <span class='ocrx_word' id='word_1_310' title='bbox 884 2742 980 2777; x_wconf 83' lang='lat' dir='ltr'>Pers.</span> <span class='ocrx_word' id='word_1_311' title='bbox 999 2743 1041 2786; x_wconf 87' lang='lat' dir='ltr'>V,</span> <span class='ocrx_word' id='word_1_312' title='bbox 1058 2745 1114 2778; x_wconf 82' lang='grc' dir='ltr'>4ο.</span> 
     </span>
    </p>
   </div>
  </div>
 </body>
</html>
