1759 3029
296 197 358 222 xx
681 180 847 219 VITA
901 178 1292 220 IVVENALIS

601 290 664 339 Ἀ.
705 296 763 338 Is.
806 295 852 338 C.
890 297 994 338 810.
1069 294 1249 338 Christi
1283 297 1362 359 57.

802 364 1037 406 Iuvenalis
1108 379 1124 406 1
1137 364 1178 407 6.

397 455 446 497 Si
479 462 597 498 recte
620 452 844 496 Iuvenalis
887 452 1084 493 natalem
1108 452 1390 495 definivimus
1411 487 1420 506 ‚
1452 453 1538 496 hoc
1560 466 1680 497 anno

299 535 455 582 togam
486 523 567 565 ille
588 523 767 564 virilem
809 524 990 572 sumsit,
1032 524 1203 578 quippe
1244 535 1356 576 quae
1400 537 1520 564 anno
1560 531 1677 564 aeta-

300 599 357 636 tis
397 591 516 635 XVI
555 594 740 632 ineunte
777 593 893 630 sumi
923 589 1095 629 solebat
1131 590 1214 630 illo
1256 604 1378 632 aevo.
1412 605 1452 633 v.
1476 590 1679 632 Massoni

296 667 390 706 vita
432 660 586 703 Ovidii
630 667 674 700 et
712 657 919 708 Horatii,
970 671 1051 698 nec
1085 672 1181 698 non
1227 656 1380 698 Noris.
1428 657 1678 715 Cenotaph.

296 730 444 773 Pisan.
474 745 518 785 p.
544 743 559 769 1
580 729 637 770 15
673 741 736 781 sq.
805 724 980 765 Eodem
1011 739 1131 766 anno
1172 723 1466 767 Cossutianus
1502 725 1677 783 Capito,

296 798 515 854 Tigellini
551 809 687 851 gener
740 800 784 833 et
812 791 993 833 Ciliciae
1037 792 1319 849 praefectus,
1380 794 1435 834 de
1476 797 1678 851 pecuniis

293 865 558 924 repetundis
604 861 860 918 postulatus
893 875 918 901 a
960 858 1257 922 CilicibUS,}sst
1312 861 1549 904 damnatus
1600 869 1680 905 est.

295 934 364 977 Cf.
389 935 444 976 ad
464 932 553 973 Sat.
575 928 710 983 VIII,
747 930 823 986 93.

619 1018 681 1060 A.
720 1018 779 1060 V.
821 1015 868 1057 C.
905 1017 1014 1058 812.
1091 1014 1267 1059 Clu-isti
1298 1019 1373 1075 59.

797 1083 1033 1126 Iuvenalis
1103 1099 1121 1126 1
1137 1085 1178 1128 8.

387 1176 436 1218 C.
462 1174 652 1218 Fonteio
691 1173 914 1231 Capitone
956 1181 1000 1214 et
1045 1170 1269 1230 Vipsanio
1306 1172 1429 1214 Coss.
1477 1177 1677 1217 nascitur

293 1243 534 1297 Calvinus,
567 1246 732 1284 amicus
754 1240 992 1284 Iuvenalis.
1032 1239 1100 1282 Cf.
1123 1242 1178 1284 ad
1203 1241 1293 1283 Sat.
1322 1240 1460 1294 XIII,
1505 1257 1576 1303 17.

606 1342 669 1385 A.
708 1342 767 1386 Is.
808 1341 856 1383 C.
898 1343 1008 1385 815.
1083 1340 1258 1386 Christi
1298 1344 1374 1386 62.

787 1409 1023 1453 Iuvenalis
1096 1425 1119 1452 2
1135 1425 1151 1451 1
1162 1443 1171 1453 .

388 1514 492 1556 Hoc
535 1513 655 1555 forte
695 1526 815 1553 anno
845 1514 1043 1567 primam
1096 1518 1232 1568 poeta
1282 1514 1436 1568 posuit
1476 1511 1673 1554 barbam.

289 1583 358 1625 Cf.
384 1584 438 1624 ad
457 1581 545 1623 Sat.
566 1581 587 1621 Ι
601 1614 612 1634 ‚
643 1582 701 1623 25
723 1594 786 1635 Sq-
821 1577 957 1633 XIII,
998 1579 1059 1621 56
1082 1593 1144 1635 sq.
1169 1587 1214 1620 et
1235 1577 1466 1623 Dodwelli
1501 1577 1673 1622 Annal.

287 1651 480 1704 Quintil.
507 1665 552 1707 p.
583 1649 691 1690 180.

595 1746 657 1789 A.
696 1747 753 1789 V.
794 1746 843 1788 C.
879 1746 987 1790 816.
1066 1746 1240 1790 Christi
1279 1747 1354 1791 63.

805 1814 1044 1857 Iuvenalis
1085 1830 1107 1857 2
1120 1831 1160 1859 2.

387 1918 437 1961 C.
475 1916 685 1959 Sofonius
723 1914 1005 1971 ngellz'nzw,
1040 1914 1190 1957 Burro
1229 1923 1446 1969 mortuo,
1487 1926 1670 1974 praeto-

281 1991 420 2031 rianis
454 1985 714 2028 cohortibus
743 1988 1048 2041 praeponitur
1077 2000 1101 2025 a
1135 1984 1343 2038 Nerone,
1379 1987 1499 2042 apud
1533 2000 1669 2041 quem

280 2057 534 2115 plurimum
555 2057 697 2110 gratia
725 2053 847 2094 valet
880 2060 1075 2110 propter
1105 2053 1449 2097 similitudinem
1469 2069 1668 2098 morum.

280 2139 322 2167 v.
343 2125 397 2166 ad
419 2123 506 2165 Sat.
529 2123 562 2174 I,
601 2123 692 2164 155
723 2135 819 2176 sqq.
905 2120 1081 2162 Eodem
1105 2135 1226 2162 anno
1248 2129 1291 2163 et
1315 2126 1468 2163 aetatis
1491 2125 1667 2164 'tricesi-

279 2207 380 2246 mo⁷
417 2191 466 2234 P.
501 2191 650 2234 Mario
699 2188 853 2241 Celso,
901 2187 955 2230 L.
999 2187 1163 2230 Asinio
1219 2188 1358 2231 Gallo
1387 2190 1664 2244 consulibus,

277 2264 477 2303 moritur
497 2257 554 2301 A.
578 2259 769 2300 Persius
788 2256 972 2299 Flaccus
998 2266 1146 2313 poeta,
1185 2256 1247 2316 (v.
1280 2258 1465 2301 Sueton.
1499 2262 1544 2299 in
1568 2262 1662 2301 eius

277 2328 390 2387 vita)
451 2336 496 2369 et
545 2327 672 2369 Nero
712 2341 910 2368 uxorem
967 2327 1090 2367 ducit
1130 2324 1402 2383 Poppaeam
1435 2326 1660 2380 Sabinam,

274 2412 386 2455 quae
407 2400 469 2438 ita
498 2395 725 2437 diffluebat
744 2395 955 2447 luxuria,
991 2402 1064 2447 ut,
1094 2408 1382 2451 quocumque
1411 2399 1521 2449 iret,
1554 2411 1660 2439 sex—

272 2474 422 2509 centas
461 2479 611 2506 secum
657 2463 816 2505 asellas
875 2464 1080 2516 duceret,
1131 2460 1261 2521 (nam
1316 2463 1430 2505 lacte
1480 2467 1657 2506 asinino

269 2535 516 2579 ulebanlur
546 2533 709 2574 molles
752 2531 985 2584 homines,
1027 2539 1078 2573 ut
1122 2539 1423 2575 teneresceret
1454 2536 1567 2575 cutis
1609 2540 1656 2575 et

267 2600 572 2659 candesceret)
599 2608 644 2642 el:
678 2608 909 2656 unguenta
950 2603 1200 2642 suavissimi
1241 2601 1392 2643 odoris
1427 2601 1479 2644 ab
1510 2602 1655 2646 eadi-

264 2678 477 2715 cerentiu-
505 2669 798 2728 Poppaeana.
835 2667 902 2712 Cf.
934 2669 990 2712 ad
1028 2667 1117 2712 Sat.
1149 2667 1216 2723 II,
1262 2683 1366 2730 107.
1404 2668 1473 2712 VI
1486 2703 1497 2723 ,
1536 2669 1664 2713 462..

267 2741 360 2784 468
396 2752 490 2795 sqq.
1623 2778 1626 2782 .
