<?xml version="1.0" encoding="UTF-8"?>
<!DOCTYPE html PUBLIC "-//W3C//DTD XHTML 1.0 Transitional//EN"
    "http://www.w3.org/TR/xhtml1/DTD/xhtml1-transitional.dtd">
<html xmlns="http://www.w3.org/1999/xhtml" xml:lang="en" lang="en">
 <head>
  <title>
</title>
<meta http-equiv="Content-Type" content="text/html;charset=utf-8" />
  <meta name='ocr-system' content='tesseract 3.04.00' />
  <meta name='ocr-capabilities' content='ocr_page ocr_carea ocr_par ocr_line ocrx_word'/>
</head>
<body>
  <div class='ocr_page' id='page_1' title='image "./satirae16adoptim01juveuoft/satirae16adoptim01juveuoft_0133.png"; bbox 0 0 1759 3029; ppageno 0'>
   <div class='ocr_carea' id='block_1_1' title="bbox 406 153 1551 198">
    <p class='ocr_par' dir='ltr' id='par_1_1' title="bbox 406 153 1551 198">
     <span class='ocr_line' id='line_1_1' title="bbox 406 153 1551 198; baseline 0 -2"><span class='ocrx_word' id='word_1_1' title='bbox 406 154 835 196; x_wconf 84' lang='lat' dir='ltr'>EDITIONVM</span> <span class='ocrx_word' id='word_1_2' title='bbox 886 153 1294 198; x_wconf 85' lang='lat' dir='ltr'><strong>IVVENALIS</strong></span> <span class='ocrx_word' id='word_1_3' title='bbox 1405 169 1551 196; x_wconf 77' lang='lat' dir='ltr'>cxxxu</span> 
     </span>
    </p>
   </div>
   <div class='ocr_carea' id='block_1_2' title="bbox 152 268 1562 2747">
    <p class='ocr_par' dir='ltr' id='par_1_2' title="bbox 162 268 1552 390">
     <span class='ocr_line' id='line_1_2' title="bbox 266 268 1552 325; baseline 0.001 -16"><span class='ocrx_word' id='word_1_4' title='bbox 266 268 409 309; x_wconf 82' lang='lat' dir='ltr'>Editio</span> <span class='ocrx_word' id='word_1_5' title='bbox 440 277 580 316; x_wconf 86' lang='lat' dir='ltr'>vetus,</span> <span class='ocrx_word' id='word_1_6' title='bbox 637 270 781 309; x_wconf 86' lang='lat' dir='ltr'>eodem</span> <span class='ocrx_word' id='word_1_7' title='bbox 826 268 1061 309; x_wconf 82' lang='lat' dir='ltr'><strong>charactere</strong></span> <span class='ocrx_word' id='word_1_8' title='bbox 1096 272 1272 322; x_wconf 84' lang='lat' dir='ltr'>signata,</span> <span class='ocrx_word' id='word_1_9' title='bbox 1317 287 1396 325; x_wconf 86' lang='lat' dir='ltr'>quo</span> <span class='ocrx_word' id='word_1_10' title='bbox 1433 273 1552 322; x_wconf 87' lang='lat' dir='ltr'>liber,</span> 
     </span>
     <span class='ocr_line' id='line_1_3' title="bbox 162 337 1436 390; baseline 0.001 -14"><span class='ocrx_word' id='word_1_11' title='bbox 162 337 230 376; x_wconf 77' lang='lat' dir='ltr'>eui</span> <span class='ocrx_word' id='word_1_12' title='bbox 253 338 398 376; x_wconf 86' lang='lat' dir='ltr'>titulus</span> <span class='ocrx_word' id='word_1_13' title='bbox 439 346 501 376; x_wconf 86' lang='lat' dir='ltr'>est</span> <span class='ocrx_word' id='word_1_14' title='bbox 525 341 662 377; x_wconf 81' lang='lat' dir='ltr'><em>Decor</em></span> <span class='ocrx_word' id='word_1_15' title='bbox 684 340 931 377; x_wconf 81' lang='lat' dir='ltr'><em>Puellarum</em></span> <span class='ocrx_word' id='word_1_16' title='bbox 956 352 1031 390; x_wconf 87' lang='lat' dir='ltr'>per</span> <span class='ocrx_word' id='word_1_17' title='bbox 1053 339 1145 376; x_wconf 88' lang='lat' dir='ltr'>Nic.</span> <span class='ocrx_word' id='word_1_18' title='bbox 1172 341 1436 378; x_wconf 85' lang='lat' dir='ltr'>Ianssouium.</span> 
     </span>
    </p>

    <p class='ocr_par' dir='ltr' id='par_1_3' title="bbox 273 402 1270 457">
     <span class='ocr_line' id='line_1_4' title="bbox 273 402 1270 457; baseline 0 -14"><span class='ocrx_word' id='word_1_19' title='bbox 273 402 514 457; x_wconf 76' lang='lat' dir='ltr'>(catalogue</span> <span class='ocrx_word' id='word_1_20' title='bbox 540 406 654 446; x_wconf 85' lang='lat' dir='ltr'>dela</span> <span class='ocrx_word' id='word_1_21' title='bbox 680 407 885 454; x_wconf 74' lang='lat' dir='ltr'>Valliere,</span> <span class='ocrx_word' id='word_1_22' title='bbox 923 406 972 444; x_wconf 89' lang='lat' dir='ltr'>T.</span> <span class='ocrx_word' id='word_1_23' title='bbox 1003 406 1056 444; x_wconf 93' lang='grc' dir='ltr'>ΙΙ.</span> <span class='ocrx_word' id='word_1_24' title='bbox 1091 420 1129 457; x_wconf 88' lang='lat' dir='ltr'>p.</span> <span class='ocrx_word' id='word_1_25' title='bbox 1160 408 1270 455; x_wconf 81' lang='lat'>102.)</span> 
     </span>
    </p>

    <p class='ocr_par' dir='ltr' id='par_1_4' title="bbox 156 471 1554 593">
     <span class='ocr_line' id='line_1_5' title="bbox 268 471 1554 526; baseline 0.003 -17"><span class='ocrx_word' id='word_1_26' title='bbox 268 471 427 511; x_wconf 86' lang='lat' dir='ltr'>Eodem</span> <span class='ocrx_word' id='word_1_27' title='bbox 440 473 550 512; x_wconf 83' lang='lat' dir='ltr'>sorte</span> <span class='ocrx_word' id='word_1_28' title='bbox 573 487 679 512; x_wconf 86' lang='lat' dir='ltr'>anno</span> <span class='ocrx_word' id='word_1_29' title='bbox 700 476 810 526; x_wconf 82' lang='lat' dir='ltr'>typis</span> <span class='ocrx_word' id='word_1_30' title='bbox 831 486 1023 525; x_wconf 81' lang='lat' dir='ltr'>expressa</span> <span class='ocrx_word' id='word_1_31' title='bbox 1035 479 1097 510; x_wconf 87' lang='lat' dir='ltr'>est</span> <span class='ocrx_word' id='word_1_32' title='bbox 1116 473 1340 512; x_wconf 81' lang='lat' dir='ltr'>aliaEditio</span> <span class='ocrx_word' id='word_1_33' title='bbox 1355 475 1554 524; x_wconf 45' lang='lat' dir='ltr'>Romamn*</span> 
     </span>
     <span class='ocr_line' id='line_1_6' title="bbox 156 540 1463 593; baseline 0.003 -17"><span class='ocrx_word' id='word_1_34' title='bbox 156 551 260 590; x_wconf 87' lang='lat' dir='ltr'>quae</span> <span class='ocrx_word' id='word_1_35' title='bbox 286 541 409 592; x_wconf 79' lang='lat' dir='ltr'>vulgo</span> <span class='ocrx_word' id='word_1_36' title='bbox 440 540 612 580; x_wconf 77' lang='lat' dir='ltr'>habetur</span> <span class='ocrx_word' id='word_1_37' title='bbox 634 542 816 581; x_wconf 85' lang='lat' dir='ltr'>omnium</span> <span class='ocrx_word' id='word_1_38' title='bbox 849 543 1041 593; x_wconf 77' lang='lat' dir='ltr'>princeps</span> <span class='ocrx_word' id='word_1_39' title='bbox 1082 547 1125 578; x_wconf 89' lang='lat' dir='ltr'>et</span> <span class='ocrx_word' id='word_1_40' title='bbox 1156 541 1352 592; x_wconf 80' lang='lat' dir='ltr'>inscripta</span> <span class='ocrx_word' id='word_1_41' title='bbox 1384 549 1463 580; x_wconf 78' lang='lat' dir='ltr'>cst:</span> 
     </span>
    </p>

    <p class='ocr_par' dir='ltr' id='par_1_5' title="bbox 154 607 1552 728">
     <span class='ocr_line' id='line_1_7' title="bbox 266 607 1547 660; baseline 0.001 -15"><span class='ocrx_word' id='word_1_42' title='bbox 266 607 481 646; x_wconf 73' lang='lat' dir='ltr'>Iuvenalis</span> <span class='ocrx_word' id='word_1_43' title='bbox 521 609 692 660; x_wconf 81' lang='lat' dir='ltr'>Satyrae</span> <span class='ocrx_word' id='word_1_44' title='bbox 733 618 771 647; x_wconf 80' lang='lat' dir='ltr'>et</span> <span class='ocrx_word' id='word_1_45' title='bbox 817 611 964 647; x_wconf 74' lang='lat' dir='ltr'>Flacci</span> <span class='ocrx_word' id='word_1_46' title='bbox 999 610 1143 646; x_wconf 68' lang='lat' dir='ltr'>Persii</span> <span class='ocrx_word' id='word_1_47' title='bbox 1182 610 1452 647; x_wconf 60' lang='lat' dir='ltr'>Volaterrana·</span> <span class='ocrx_word' id='word_1_48' title='bbox 1491 630 1547 639; x_wconf 87' lang='lat'>---</span> 
     </span>
     <span class='ocr_line' id='line_1_8' title="bbox 154 672 1552 728; baseline 0.003 -17"><span class='ocrx_word' id='word_1_49' title='bbox 154 672 311 715; x_wconf 85' lang='lat' dir='ltr'>Romae</span> <span class='ocrx_word' id='word_1_50' title='bbox 337 677 456 727; x_wconf 79' lang='lat' dir='ltr'>apud</span> <span class='ocrx_word' id='word_1_51' title='bbox 480 677 722 716; x_wconf 78' lang='lat' dir='ltr'>Udalrieum</span> <span class='ocrx_word' id='word_1_52' title='bbox 757 678 925 715; x_wconf 76' lang='lat' dir='ltr'>Gallum</span> <span class='ocrx_word' id='word_1_53' title='bbox 1316 675 1388 713; x_wconf 86' lang='lat' dir='ltr'>sol.</span> <span class='ocrx_word' id='word_1_54' title='bbox 1407 674 1552 728; x_wconf 75' lang='lat'>(1470)</span> 
     </span>
    </p>

    <p class='ocr_par' dir='ltr' id='par_1_6' title="bbox 155 743 1557 1201">
     <span class='ocr_line' id='line_1_9' title="bbox 269 743 1552 796; baseline 0.002 -17"><span class='ocrx_word' id='word_1_55' title='bbox 269 743 336 780; x_wconf 86' lang='lat' dir='ltr'>De</span> <span class='ocrx_word' id='word_1_56' title='bbox 372 757 419 782; x_wconf 85' lang='lat' dir='ltr'>ea</span> <span class='ocrx_word' id='word_1_57' title='bbox 446 744 529 782; x_wconf 79' lang='lat' dir='ltr'>vid.</span> <span class='ocrx_word' id='word_1_58' title='bbox 556 745 810 796; x_wconf 85' lang='lat' dir='ltr'>Hamberger</span> <span class='ocrx_word' id='word_1_59' title='bbox 835 747 861 783; x_wconf 86' lang='lat' dir='ltr'>l.</span> <span class='ocrx_word' id='word_1_60' title='bbox 883 746 909 783; x_wconf 89' lang='lat' dir='ltr'>l.</span> <span class='ocrx_word' id='word_1_61' title='bbox 943 751 984 783; x_wconf 85' lang='lat' dir='ltr'>et</span> <span class='ocrx_word' id='word_1_62' title='bbox 1015 743 1226 782; x_wconf 81' lang='lat' dir='ltr'>Maittaire</span> <span class='ocrx_word' id='word_1_63' title='bbox 1250 744 1355 780; x_wconf 84' lang='lat' dir='ltr'>Anu.</span> <span class='ocrx_word' id='word_1_64' title='bbox 1391 749 1552 794; x_wconf 73' lang='lat' dir='ltr'>typogr-</span> 
     </span>
     <span class='ocr_line' id='line_1_10' title="bbox 157 809 1553 864; baseline 0.001 -17"><span class='ocrx_word' id='word_1_65' title='bbox 157 809 209 847; x_wconf 89' lang='lat' dir='ltr'>T.</span> <span class='ocrx_word' id='word_1_66' title='bbox 243 810 274 848; x_wconf 91' lang='grc' dir='ltr'>Ι.</span> <span class='ocrx_word' id='word_1_67' title='bbox 311 824 349 863; x_wconf 86' lang='lat' dir='ltr'>p.</span> <span class='ocrx_word' id='word_1_68' title='bbox 375 822 470 862; x_wconf 81' lang='lat'><strong><em>297.</em></strong></span> <span class='ocrx_word' id='word_1_69' title='bbox 503 812 572 864; x_wconf 88' lang='lat' dir='ltr'>qui</span> <span class='ocrx_word' id='word_1_70' title='bbox 597 818 737 851; x_wconf 79' lang='lat' dir='ltr'>tamen</span> <span class='ocrx_word' id='word_1_71' title='bbox 782 818 997 850; x_wconf 80' lang='lat' dir='ltr'><strong>externam</strong></span> <span class='ocrx_word' id='word_1_72' title='bbox 1041 817 1199 848; x_wconf 83' lang='lat' dir='ltr'>tantum</span> <span class='ocrx_word' id='word_1_73' title='bbox 1239 811 1336 848; x_wconf 86' lang='lat' dir='ltr'>libri</span> <span class='ocrx_word' id='word_1_74' title='bbox 1374 812 1553 862; x_wconf 79' lang='lat' dir='ltr'>speciem</span> 
     </span>
     <span class='ocr_line' id='line_1_11' title="bbox 157 877 1553 930; baseline 0.001 -16"><span class='ocrx_word' id='word_1_75' title='bbox 157 889 204 914; x_wconf 85' lang='lat' dir='ltr'>ac</span> <span class='ocrx_word' id='word_1_76' title='bbox 236 890 288 915; x_wconf 86' lang='lat' dir='ltr'>ne</span> <span class='ocrx_word' id='word_1_77' title='bbox 326 877 422 916; x_wconf 85' lang='lat' dir='ltr'>satis</span> <span class='ocrx_word' id='word_1_78' title='bbox 461 879 625 930; x_wconf 83' lang='lat' dir='ltr'>quidem</span> <span class='ocrx_word' id='word_1_79' title='bbox 655 886 842 918; x_wconf 84' lang='lat' dir='ltr'>accurate</span> <span class='ocrx_word' id='word_1_80' title='bbox 887 878 1146 926; x_wconf 78' lang='lat' dir='ltr'>describunt,</span> <span class='ocrx_word' id='word_1_81' title='bbox 1205 892 1281 915; x_wconf 82' lang='lat' dir='ltr'>nec</span> <span class='ocrx_word' id='word_1_82' title='bbox 1315 877 1364 915; x_wconf 87' lang='lat' dir='ltr'>de</span> <span class='ocrx_word' id='word_1_83' title='bbox 1409 878 1553 916; x_wconf 75' lang='lat' dir='ltr'>critico</span> 
     </span>
     <span class='ocr_line' id='line_1_12' title="bbox 157 944 1554 998; baseline 0.001 -16"><span class='ocrx_word' id='word_1_84' title='bbox 157 944 246 982; x_wconf 84' lang='lat' dir='ltr'>eius</span> <span class='ocrx_word' id='word_1_85' title='bbox 277 958 356 983; x_wconf 87' lang='lat' dir='ltr'>usu</span> <span class='ocrx_word' id='word_1_86' title='bbox 397 946 554 985; x_wconf 83' lang='lat' dir='ltr'>soliciti</span> <span class='ocrx_word' id='word_1_87' title='bbox 590 947 724 986; x_wconf 86' lang='lat' dir='ltr'>suere.</span> <span class='ocrx_word' id='word_1_88' title='bbox 794 947 1011 998; x_wconf 86' lang='lat' dir='ltr'>Quomodo</span> <span class='ocrx_word' id='word_1_89' title='bbox 1052 948 1188 997; x_wconf 79' lang='lat' dir='ltr'>itaque</span> <span class='ocrx_word' id='word_1_90' title='bbox 1232 944 1331 982; x_wconf 64' lang='lat' dir='ltr'>haec</span> <span class='ocrx_word' id='word_1_91' title='bbox 1371 946 1496 984; x_wconf 65' lang='lat' dir='ltr'>editio</span> <span class='ocrx_word' id='word_1_92' title='bbox 1530 961 1554 984; x_wconf 83' lang='lat' dir='ltr'>a</span> 
     </span>
     <span class='ocr_line' id='line_1_13' title="bbox 155 1013 1554 1067; baseline 0.001 -17"><span class='ocrx_word' id='word_1_93' title='bbox 155 1014 370 1064; x_wconf 84' lang='lat' dir='ltr'>superiore</span> <span class='ocrx_word' id='word_1_94' title='bbox 401 1013 563 1052; x_wconf 80' lang='lat' dir='ltr'>differat</span> <span class='ocrx_word' id='word_1_95' title='bbox 593 1021 634 1052; x_wconf 87' lang='lat' dir='ltr'>et</span> <span class='ocrx_word' id='word_1_96' title='bbox 666 1015 870 1067; x_wconf 83' lang='lat' dir='ltr'>quodnam</span> <span class='ocrx_word' id='word_1_97' title='bbox 912 1016 950 1053; x_wconf 85' lang='lat' dir='ltr'>ci</span> <span class='ocrx_word' id='word_1_98' title='bbox 980 1014 1243 1052; x_wconf 75' lang='lat' dir='ltr'>statuendum</span> <span class='ocrx_word' id='word_1_99' title='bbox 1274 1013 1326 1050; x_wconf 87' lang='lat' dir='ltr'>sit</span> <span class='ocrx_word' id='word_1_100' title='bbox 1358 1015 1554 1064; x_wconf 86' lang='lat' dir='ltr'>pretium,</span> 
     </span>
     <span class='ocr_line' id='line_1_14' title="bbox 159 1079 1557 1135; baseline 0.002 -18"><span class='ocrx_word' id='word_1_101' title='bbox 159 1079 296 1118; x_wconf 86' lang='lat' dir='ltr'>dicere</span> <span class='ocrx_word' id='word_1_102' title='bbox 339 1093 423 1118; x_wconf 85' lang='lat' dir='ltr'>non</span> <span class='ocrx_word' id='word_1_103' title='bbox 463 1079 618 1130; x_wconf 84' lang='lat' dir='ltr'>habeo,</span> <span class='ocrx_word' id='word_1_104' title='bbox 666 1096 791 1135; x_wconf 88' lang='lat' dir='ltr'>quum</span> <span class='ocrx_word' id='word_1_105' title='bbox 844 1083 1026 1120; x_wconf 86' lang='lat' dir='ltr'>nondum</span> <span class='ocrx_word' id='word_1_106' title='bbox 1067 1096 1089 1119; x_wconf 83' lang='lat' dir='ltr'><strong>a</strong></span> <span class='ocrx_word' id='word_1_107' title='bbox 1128 1095 1328 1133; x_wconf 80' lang='lat' dir='ltr'>quoquam</span> <span class='ocrx_word' id='word_1_108' title='bbox 1365 1095 1458 1119; x_wconf 74' lang='lat' dir='ltr'>cum</span> <span class='ocrx_word' id='word_1_109' title='bbox 1484 1083 1557 1120; x_wconf 82' lang='lat' dir='ltr'>illa</span> 
     </span>
     <span class='ocr_line' id='line_1_15' title="bbox 157 1148 1438 1201; baseline -0.002 -14"><span class='ocrx_word' id='word_1_110' title='bbox 157 1148 226 1187; x_wconf 87' lang='lat' dir='ltr'>vel</span> <span class='ocrx_word' id='word_1_111' title='bbox 255 1148 429 1199; x_wconf 80' lang='lat' dir='ltr'>vulgatis</span> <span class='ocrx_word' id='word_1_112' title='bbox 452 1148 568 1188; x_wconf 81' lang='lat' dir='ltr'>editt.</span> <span class='ocrx_word' id='word_1_113' title='bbox 596 1156 825 1201; x_wconf 83' lang='lat' dir='ltr'>comparata</span> <span class='ocrx_word' id='word_1_114' title='bbox 859 1150 932 1197; x_wconf 76' lang='lat' dir='ltr'>sit,</span> <span class='ocrx_word' id='word_1_115' title='bbox 960 1149 1070 1201; x_wconf 80' lang='lat' dir='ltr'>quod</span> <span class='ocrx_word' id='word_1_116' title='bbox 1094 1149 1249 1186; x_wconf 82' lang='lat' dir='ltr'>sactum</span> <span class='ocrx_word' id='word_1_117' title='bbox 1277 1148 1438 1186; x_wconf 80' lang='lat' dir='ltr'>vellem.</span> 
     </span>
    </p>

    <p class='ocr_par' dir='ltr' id='par_1_7' title="bbox 152 1216 1555 1390">
     <span class='ocr_line' id='line_1_16' title="bbox 268 1216 1555 1267; baseline 0.002 -14"><span class='ocrx_word' id='word_1_118' title='bbox 268 1216 429 1254; x_wconf 85' lang='lat' dir='ltr'>Veneta</span> <span class='ocrx_word' id='word_1_119' title='bbox 452 1216 485 1254; x_wconf 91' lang='lat' dir='ltr'>I.</span> <span class='ocrx_word' id='word_1_120' title='bbox 516 1216 586 1267; x_wconf 90' lang='lat' dir='ltr'>(In</span> <span class='ocrx_word' id='word_1_121' title='bbox 623 1218 721 1255; x_wconf 86' lang='lat' dir='ltr'>Var.</span> <span class='ocrx_word' id='word_1_122' title='bbox 762 1217 878 1254; x_wconf 82' lang='lat' dir='ltr'>Lect.</span> <span class='ocrx_word' id='word_1_123' title='bbox 919 1230 957 1253; x_wconf 88' lang='lat' dir='ltr'>n.</span> <span class='ocrx_word' id='word_1_124' title='bbox 984 1217 1072 1264; x_wconf 76' lang='lat'>51.)</span> <span class='ocrx_word' id='word_1_125' title='bbox 1114 1216 1328 1254; x_wconf 57' lang='lat' dir='ltr'>luvenalis</span> <span class='ocrx_word' id='word_1_126' title='bbox 1363 1217 1555 1267; x_wconf 49' lang='grc' dir='ltr'>ὅάνιὲγναε,Ἰ</span> 
     </span>
     <span class='ocr_line' id='line_1_17' title="bbox 152 1280 1555 1336; baseline 0 -15"><span class='ocrx_word' id='word_1_127' title='bbox 152 1298 232 1334; x_wconf 76' lang='lat' dir='ltr'>per</span> <span class='ocrx_word' id='word_1_128' title='bbox 272 1284 480 1322; x_wconf 75' lang='lat' dir='ltr'>Simonem</span> <span class='ocrx_word' id='word_1_129' title='bbox 541 1285 776 1336; x_wconf 71' lang='lat' dir='ltr'>Biuilaqzca</span> <span class='ocrx_word' id='word_1_130' title='bbox 823 1284 906 1331; x_wconf 81' lang='lat' dir='ltr'>(al.</span> <span class='ocrx_word' id='word_1_131' title='bbox 939 1280 1232 1335; x_wconf 73' lang='lat' dir='ltr'>Bouilaquam)</span> <span class='ocrx_word' id='word_1_132' title='bbox 1285 1284 1555 1334; x_wconf 32' lang='lat' dir='ltr'>Papienssem,</span> 
     </span>
     <span class='ocr_line' id='line_1_18' title="bbox 158 1351 1550 1390; baseline 0 -1"><span class='ocrx_word' id='word_1_133' title='bbox 158 1351 344 1390; x_wconf 82' lang='lat' dir='ltr'>venetiis</span> <span class='ocrx_word' id='word_1_134' title='bbox 380 1351 467 1389; x_wconf 84' lang='lat' dir='ltr'>sine</span> <span class='ocrx_word' id='word_1_135' title='bbox 509 1352 718 1390; x_wconf 81' lang='lat' dir='ltr'>mentione</span> <span class='ocrx_word' id='word_1_136' title='bbox 741 1352 836 1389; x_wconf 83' lang='lat' dir='ltr'>anni</span> <span class='ocrx_word' id='word_1_137' title='bbox 1478 1352 1550 1390; x_wconf 89' lang='lat' dir='ltr'>sol.</span> 
     </span>
    </p>

    <p class='ocr_par' dir='ltr' id='par_1_8' title="bbox 157 1418 1559 1805">
     <span class='ocr_line' id='line_1_19' title="bbox 269 1418 1556 1471; baseline -0.001 -14"><span class='ocrx_word' id='word_1_138' title='bbox 269 1419 387 1457; x_wconf 84' lang='lat' dir='ltr'>Hanc</span> <span class='ocrx_word' id='word_1_139' title='bbox 423 1418 645 1458; x_wconf 85' lang='lat' dir='ltr'>editionem</span> <span class='ocrx_word' id='word_1_140' title='bbox 696 1420 877 1471; x_wconf 72' lang='lat' dir='ltr'>inspexit</span> <span class='ocrx_word' id='word_1_141' title='bbox 912 1419 1111 1466; x_wconf 79' lang='lat' dir='ltr'>Beckius,</span> <span class='ocrx_word' id='word_1_142' title='bbox 1160 1430 1212 1455; x_wconf 78' lang='lat' dir='ltr'>cx</span> <span class='ocrx_word' id='word_1_143' title='bbox 1250 1418 1366 1455; x_wconf 86' lang='lat' dir='ltr'>cuius</span> <span class='ocrx_word' id='word_1_144' title='bbox 1403 1419 1556 1456; x_wconf 73' lang='lat' dir='ltr'>Obser-</span> 
     </span>
     <span class='ocr_line' id='line_1_20' title="bbox 158 1486 1555 1538; baseline -0.001 -13"><span class='ocrx_word' id='word_1_145' title='bbox 158 1495 259 1525; x_wconf 69' lang='lat' dir='ltr'>vatt.</span> <span class='ocrx_word' id='word_1_146' title='bbox 274 1487 478 1538; x_wconf 70' lang='lat' dir='ltr'>philolog.</span> <span class='ocrx_word' id='word_1_147' title='bbox 502 1488 548 1523; x_wconf 77' lang='grc' dir='ltr'>τῗιι</span> <span class='ocrx_word' id='word_1_148' title='bbox 570 1487 739 1537; x_wconf 67' lang='lat' dir='ltr'>Satyros</span> <span class='ocrx_word' id='word_1_149' title='bbox 759 1487 973 1524; x_wconf 59' lang='lat' dir='ltr'>Iuvenalis</span> <span class='ocrx_word' id='word_1_150' title='bbox 1005 1486 1110 1523; x_wconf 76' lang='lat' dir='ltr'>duas</span> <span class='ocrx_word' id='word_1_151' title='bbox 1141 1487 1304 1536; x_wconf 64' lang='lat' dir='ltr'>priores</span> <span class='ocrx_word' id='word_1_152' title='bbox 1339 1499 1413 1523; x_wconf 88' lang='lat' dir='ltr'>nos</span> <span class='ocrx_word' id='word_1_153' title='bbox 1447 1500 1555 1524; x_wconf 91' lang='lat' dir='ltr'>non—</span> 
     </span>
     <span class='ocr_line' id='line_1_21' title="bbox 157 1551 1556 1605; baseline 0.001 -15"><span class='ocrx_word' id='word_1_154' title='bbox 157 1565 379 1605; x_wconf 84' lang='lat' dir='ltr'><strong>numquam</strong></span> <span class='ocrx_word' id='word_1_155' title='bbox 419 1554 465 1591; x_wconf 89' lang='lat' dir='ltr'>in</span> <span class='ocrx_word' id='word_1_156' title='bbox 509 1554 550 1591; x_wconf 89' lang='lat' dir='ltr'>V</span> <span class='ocrx_word' id='word_1_157' title='bbox 553 1568 606 1591; x_wconf 82' lang='lat' dir='ltr'>ar.</span> <span class='ocrx_word' id='word_1_158' title='bbox 654 1555 770 1592; x_wconf 82' lang='lat' dir='ltr'>Lect.</span> <span class='ocrx_word' id='word_1_159' title='bbox 813 1568 900 1592; x_wconf 85' lang='lat' dir='ltr'>eam</span> <span class='ocrx_word' id='word_1_160' title='bbox 950 1552 1215 1591; x_wconf 74' lang='lat' dir='ltr'>laudavimus.</span> <span class='ocrx_word' id='word_1_161' title='bbox 1271 1551 1320 1589; x_wconf 88' lang='lat' dir='ltr'>In</span> <span class='ocrx_word' id='word_1_162' title='bbox 1357 1554 1556 1603; x_wconf 86' lang='lat' dir='ltr'>omnibus,</span> 
     </span>
     <span class='ocr_line' id='line_1_22' title="bbox 161 1619 1559 1671; baseline 0.002 -15"><span class='ocrx_word' id='word_1_163' title='bbox 161 1620 308 1671; x_wconf 87' lang='lat' dir='ltr'>quibus</span> <span class='ocrx_word' id='word_1_164' title='bbox 351 1634 437 1657; x_wconf 87' lang='lat' dir='ltr'>eam</span> <span class='ocrx_word' id='word_1_165' title='bbox 491 1622 720 1670; x_wconf 81' lang='lat' dir='ltr'>consuluit,</span> <span class='ocrx_word' id='word_1_166' title='bbox 782 1621 882 1659; x_wconf 88' lang='lat' dir='ltr'>locis</span> <span class='ocrx_word' id='word_1_167' title='bbox 923 1620 1084 1657; x_wconf 84' lang='lat' dir='ltr'>casdcm</span> <span class='ocrx_word' id='word_1_168' title='bbox 1134 1619 1304 1656; x_wconf 76' lang='lat' dir='ltr'>exhibet</span> <span class='ocrx_word' id='word_1_169' title='bbox 1344 1621 1559 1670; x_wconf 81' lang='lat' dir='ltr'>lectiones,</span> 
     </span>
     <span class='ocr_line' id='line_1_23' title="bbox 162 1686 1559 1740; baseline 0.002 -17"><span class='ocrx_word' id='word_1_170' title='bbox 162 1700 264 1737; x_wconf 86' lang='lat' dir='ltr'>quae</span> <span class='ocrx_word' id='word_1_171' title='bbox 299 1687 342 1724; x_wconf 89' lang='lat' dir='ltr'>in</span> <span class='ocrx_word' id='word_1_172' title='bbox 361 1686 457 1723; x_wconf 81' lang='lat' dir='ltr'>edit.</span> <span class='ocrx_word' id='word_1_173' title='bbox 487 1687 690 1725; x_wconf 85' lang='lat' dir='ltr'>Locatelli</span> <span class='ocrx_word' id='word_1_174' title='bbox 714 1690 862 1729; x_wconf 83' lang='lat' dir='ltr'>Venet,</span> <span class='ocrx_word' id='word_1_175' title='bbox 893 1689 1008 1738; x_wconf 76' lang='lat'>1492.</span> <span class='ocrx_word' id='word_1_176' title='bbox 1034 1687 1315 1738; x_wconf 82' lang='lat' dir='ltr'>reperiuntur,</span> <span class='ocrx_word' id='word_1_177' title='bbox 1343 1688 1421 1724; x_wconf 85' lang='lat' dir='ltr'>nisi</span> <span class='ocrx_word' id='word_1_178' title='bbox 1448 1689 1559 1740; x_wconf 81' lang='lat' dir='ltr'>quod</span> 
     </span>
     <span class='ocr_line' id='line_1_24' title="bbox 160 1752 1389 1805; baseline 0.002 -15"><span class='ocrx_word' id='word_1_179' title='bbox 160 1752 244 1790; x_wconf 77' lang='lat' dir='ltr'>Sat.</span> <span class='ocrx_word' id='word_1_180' title='bbox 270 1752 324 1800; x_wconf 90' lang='grc' dir='ltr'>ΙΙ,</span> <span class='ocrx_word' id='word_1_181' title='bbox 350 1753 438 1790; x_wconf 75' lang='grc'>164.</span> <span class='ocrx_word' id='word_1_182' title='bbox 460 1754 504 1791; x_wconf 91' lang='lat' dir='ltr'>in</span> <span class='ocrx_word' id='word_1_183' title='bbox 523 1753 598 1792; x_wconf 84' lang='lat' dir='ltr'>hac</span> <span class='ocrx_word' id='word_1_184' title='bbox 620 1756 778 1792; x_wconf 72' lang='lat' dir='ltr'>Zelates</span> <span class='ocrx_word' id='word_1_185' title='bbox 806 1754 956 1805; x_wconf 81' lang='lat' dir='ltr'>legitur</span> <span class='ocrx_word' id='word_1_186' title='bbox 983 1760 1023 1791; x_wconf 89' lang='lat' dir='ltr'>ct</span> <span class='ocrx_word' id='word_1_187' title='bbox 1054 1754 1098 1791; x_wconf 89' lang='lat' dir='ltr'>in</span> <span class='ocrx_word' id='word_1_188' title='bbox 1118 1753 1188 1790; x_wconf 83' lang='lat' dir='ltr'>illa</span> <span class='ocrx_word' id='word_1_189' title='bbox 1210 1755 1389 1792; x_wconf 77' lang='lat' dir='ltr'>Zalates.</span> 
     </span>
    </p>

    <p class='ocr_par' dir='ltr' id='par_1_9' title="bbox 160 1820 1560 1939">
     <span class='ocr_line' id='line_1_25' title="bbox 271 1820 1560 1870; baseline 0.003 -13"><span class='ocrx_word' id='word_1_190' title='bbox 271 1820 499 1858; x_wconf 86' lang='lat' dir='ltr'>Brixiensis</span> <span class='ocrx_word' id='word_1_191' title='bbox 550 1822 581 1858; x_wconf 58' lang='grc' dir='ltr'>Ι7</span> <span class='ocrx_word' id='word_1_192' title='bbox 627 1822 843 1859; x_wconf 67' lang='grc' dir='ltr'><em>Ιαιέηαίἰε</em></span> <span class='ocrx_word' id='word_1_193' title='bbox 893 1830 932 1859; x_wconf 76' lang='lat' dir='ltr'>et</span> <span class='ocrx_word' id='word_1_194' title='bbox 975 1823 1119 1858; x_wconf 65' lang='lat' dir='ltr'>Persic·</span> <span class='ocrx_word' id='word_1_195' title='bbox 1161 1822 1356 1870; x_wconf 72' lang='lat' dir='ltr'>Satyrae:</span> <span class='ocrx_word' id='word_1_196' title='bbox 1398 1822 1560 1861; x_wconf 78' lang='lat' dir='ltr'>iubente</span> 
     </span>
     <span class='ocr_line' id='line_1_26' title="bbox 160 1887 1558 1939; baseline 0.002 -14"><span class='ocrx_word' id='word_1_197' title='bbox 160 1887 429 1936; x_wconf 77' lang='lat' dir='ltr'>Presbytero,</span> <span class='ocrx_word' id='word_1_198' title='bbox 460 1889 585 1924; x_wconf 80' lang='lat' dir='ltr'>Petro</span> <span class='ocrx_word' id='word_1_199' title='bbox 613 1889 757 1932; x_wconf 76' lang='lat' dir='ltr'>Villa,</span> <span class='ocrx_word' id='word_1_200' title='bbox 803 1890 891 1925; x_wconf 76' lang='lat' dir='ltr'>sine</span> <span class='ocrx_word' id='word_1_201' title='bbox 926 1887 1281 1926; x_wconf 64' lang='lat' dir='ltr'>notis--Brixiae</span> <span class='ocrx_word' id='word_1_202' title='bbox 1339 1888 1410 1925; x_wconf 82' lang='lat' dir='ltr'>sol.</span> <span class='ocrx_word' id='word_1_203' title='bbox 1439 1891 1558 1939; x_wconf 78' lang='lat'>1473,</span> 
     </span>
    </p>

    <p class='ocr_par' dir='ltr' id='par_1_10' title="bbox 160 1953 1562 2207">
     <span class='ocr_line' id='line_1_27' title="bbox 270 1953 1560 2007; baseline 0.003 -16"><span class='ocrx_word' id='word_1_204' title='bbox 270 1953 384 1991; x_wconf 82' lang='lat' dir='ltr'>Haec</span> <span class='ocrx_word' id='word_1_205' title='bbox 409 1968 569 2006; x_wconf 80' lang='lat' dir='ltr'>quoque</span> <span class='ocrx_word' id='word_1_206' title='bbox 605 1955 732 1993; x_wconf 82' lang='lat' dir='ltr'>editio</span> <span class='ocrx_word' id='word_1_207' title='bbox 757 1955 940 1993; x_wconf 83' lang='lat' dir='ltr'>nondum</span> <span class='ocrx_word' id='word_1_208' title='bbox 972 1969 994 1992; x_wconf 87' lang='lat' dir='ltr'>a</span> <span class='ocrx_word' id='word_1_209' title='bbox 1027 1968 1253 2007; x_wconf 83' lang='lat' dir='ltr'>quoquam,</span> <span class='ocrx_word' id='word_1_210' title='bbox 1285 1954 1391 2005; x_wconf 67' lang='lat' dir='ltr'>quod</span> <span class='ocrx_word' id='word_1_211' title='bbox 1423 1957 1560 2006; x_wconf 78' lang='lat' dir='ltr'>sciam,</span> 
     </span>
     <span class='ocr_line' id='line_1_28' title="bbox 161 2021 1562 2075; baseline 0.002 -16"><span class='ocrx_word' id='word_1_212' title='bbox 161 2021 309 2060; x_wconf 82' lang='lat' dir='ltr'>collata</span> <span class='ocrx_word' id='word_1_213' title='bbox 334 2027 405 2059; x_wconf 81' lang='lat' dir='ltr'>est.</span> <span class='ocrx_word' id='word_1_214' title='bbox 461 2022 725 2061; x_wconf 79' lang='lat' dir='ltr'>Describitur</span> <span class='ocrx_word' id='word_1_215' title='bbox 758 2022 922 2075; x_wconf 82' lang='lat' dir='ltr'>quidem</span> <span class='ocrx_word' id='word_1_216' title='bbox 958 2023 1000 2060; x_wconf 93' lang='lat' dir='ltr'>in</span> <span class='ocrx_word' id='word_1_217' title='bbox 1036 2023 1210 2074; x_wconf 83' lang='lat' dir='ltr'>Specim.</span> <span class='ocrx_word' id='word_1_218' title='bbox 1242 2023 1393 2060; x_wconf 55' lang='lat' dir='ltr'>literar.</span> <span class='ocrx_word' id='word_1_219' title='bbox 1415 2023 1562 2062; x_wconf 83' lang='lat' dir='ltr'>Brixi-</span> 
     </span>
     <span class='ocr_line' id='line_1_29' title="bbox 161 2089 1560 2142; baseline 0.003 -15"><span class='ocrx_word' id='word_1_220' title='bbox 161 2091 269 2127; x_wconf 83' lang='lat' dir='ltr'>ensis</span> <span class='ocrx_word' id='word_1_221' title='bbox 295 2089 339 2127; x_wconf 89' lang='lat' dir='ltr'>P.</span> <span class='ocrx_word' id='word_1_222' title='bbox 366 2089 397 2127; x_wconf 89' lang='lat' dir='ltr'>I.</span> <span class='ocrx_word' id='word_1_223' title='bbox 429 2103 469 2141; x_wconf 89' lang='lat' dir='ltr'>p.</span> <span class='ocrx_word' id='word_1_224' title='bbox 497 2090 572 2128; x_wconf 82' lang='lat'>125</span> <span class='ocrx_word' id='word_1_225' title='bbox 594 2104 674 2142; x_wconf 89' lang='lat' dir='ltr'>seq.</span> <span class='ocrx_word' id='word_1_226' title='bbox 706 2090 778 2128; x_wconf 87' lang='lat' dir='ltr'>sed</span> <span class='ocrx_word' id='word_1_227' title='bbox 800 2092 985 2139; x_wconf 82' lang='lat' dir='ltr'>nonita,</span> <span class='ocrx_word' id='word_1_228' title='bbox 1025 2096 1072 2127; x_wconf 88' lang='lat' dir='ltr'>ut</span> <span class='ocrx_word' id='word_1_229' title='bbox 1102 2090 1293 2127; x_wconf 76' lang='lat' dir='ltr'>criticum</span> <span class='ocrx_word' id='word_1_230' title='bbox 1324 2090 1410 2127; x_wconf 88' lang='lat' dir='ltr'>eius</span> <span class='ocrx_word' id='word_1_231' title='bbox 1440 2105 1560 2131; x_wconf 88' lang='lat' dir='ltr'>usum</span> 
     </span>
     <span class='ocr_line' id='line_1_30' title="bbox 160 2156 694 2207; baseline 0.002 -12"><span class='ocrx_word' id='word_1_232' title='bbox 160 2156 258 2195; x_wconf 84' lang='lat' dir='ltr'>inde</span> <span class='ocrx_word' id='word_1_233' title='bbox 286 2170 530 2207; x_wconf 82' lang='lat' dir='ltr'>cognoscere</span> <span class='ocrx_word' id='word_1_234' title='bbox 561 2158 694 2196; x_wconf 78' lang='lat' dir='ltr'>liceat.</span> 
     </span>
    </p>

    <p class='ocr_par' dir='ltr' id='par_1_11' title="bbox 161 2223 1562 2410">
     <span class='ocr_line' id='line_1_31' title="bbox 270 2223 1561 2275; baseline 0.003 -15"><span class='ocrx_word' id='word_1_235' title='bbox 270 2223 588 2263; x_wconf 78' lang='lat' dir='ltr'>Mediolanensis</span> <span class='ocrx_word' id='word_1_236' title='bbox 622 2226 653 2263; x_wconf 94' lang='grc' dir='ltr'>Ι.</span> <span class='ocrx_word' id='word_1_237' title='bbox 683 2225 743 2275; x_wconf 86' lang='lat' dir='ltr'>(in</span> <span class='ocrx_word' id='word_1_238' title='bbox 778 2225 875 2263; x_wconf 84' lang='lat' dir='ltr'>Var.</span> <span class='ocrx_word' id='word_1_239' title='bbox 907 2225 1025 2263; x_wconf 88' lang='lat' dir='ltr'>Lect.</span> <span class='ocrx_word' id='word_1_240' title='bbox 1062 2238 1101 2262; x_wconf 85' lang='lat' dir='ltr'>n.</span> <span class='ocrx_word' id='word_1_241' title='bbox 1139 2225 1224 2267; x_wconf 73' lang='lat'>52.)</span> <span class='ocrx_word' id='word_1_242' title='bbox 1277 2225 1492 2262; x_wconf 68' lang='lat' dir='ltr'>Iuvenalis</span> <span class='ocrx_word' id='word_1_243' title='bbox 1522 2234 1561 2264; x_wconf 75' lang='lat' dir='ltr'>et</span> 
     </span>
     <span class='ocr_line' id='line_1_32' title="bbox 163 2290 1562 2344; baseline 0.002 -16"><span class='ocrx_word' id='word_1_244' title='bbox 163 2292 306 2329; x_wconf 60' lang='lat' dir='ltr'>Persia·</span> <span class='ocrx_word' id='word_1_245' title='bbox 338 2290 511 2341; x_wconf 79' lang='lat' dir='ltr'>Satyrae</span> <span class='ocrx_word' id='word_1_246' title='bbox 540 2312 589 2336; x_wconf 81' lang='lat'>7—</span> <span class='ocrx_word' id='word_1_247' title='bbox 614 2292 841 2331; x_wconf 82' lang='lat' dir='ltr'>Mediolani</span> <span class='ocrx_word' id='word_1_248' title='bbox 872 2308 949 2344; x_wconf 75' lang='lat' dir='ltr'>per</span> <span class='ocrx_word' id='word_1_249' title='bbox 980 2291 1134 2330; x_wconf 81' lang='lat' dir='ltr'>Anton.</span> <span class='ocrx_word' id='word_1_250' title='bbox 1174 2291 1369 2328; x_wconf 71' lang='lat' dir='ltr'>Zarotam</span> <span class='ocrx_word' id='word_1_251' title='bbox 1407 2291 1562 2342; x_wconf 86' lang='lat' dir='ltr'>(Zaro-</span> 
     </span>
     <span class='ocr_line' id='line_1_33' title="bbox 161 2355 1562 2410; baseline 0.004 -16"><span class='ocrx_word' id='word_1_252' title='bbox 161 2355 301 2407; x_wconf 86' lang='lat' dir='ltr'>thum)</span> <span class='ocrx_word' id='word_1_253' title='bbox 335 2358 602 2396; x_wconf 69' lang='lat' dir='ltr'>Parmensem</span> <span class='ocrx_word' id='word_1_254' title='bbox 1336 2358 1406 2397; x_wconf 70' lang='lat' dir='ltr'>soi.</span> <span class='ocrx_word' id='word_1_255' title='bbox 1444 2361 1562 2410; x_wconf 81' lang='lat'><strong>1474.</strong></span> 
     </span>
    </p>

    <p class='ocr_par' dir='ltr' id='par_1_12' title="bbox 161 2424 1561 2747">
     <span class='ocr_line' id='line_1_34' title="bbox 272 2424 1561 2479; baseline 0.003 -18"><span class='ocrx_word' id='word_1_256' title='bbox 272 2424 419 2476; x_wconf 88' lang='lat' dir='ltr'>Neque</span> <span class='ocrx_word' id='word_1_257' title='bbox 459 2424 606 2475; x_wconf 83' lang='lat' dir='ltr'>huius,</span> <span class='ocrx_word' id='word_1_258' title='bbox 630 2440 764 2479; x_wconf 83' lang='lat' dir='ltr'>neque</span> <span class='ocrx_word' id='word_1_259' title='bbox 799 2427 1051 2478; x_wconf 82' lang='lat' dir='ltr'>reliquarum</span> <span class='ocrx_word' id='word_1_260' title='bbox 1085 2424 1313 2462; x_wconf 84' lang='lat' dir='ltr'>editionum</span> <span class='ocrx_word' id='word_1_261' title='bbox 1356 2426 1561 2466; x_wconf 78' lang='lat' dir='ltr'>Mediola-</span> 
     </span>
     <span class='ocr_line' id='line_1_35' title="bbox 161 2491 1561 2545; baseline 0.004 -17"><span class='ocrx_word' id='word_1_262' title='bbox 161 2491 351 2529; x_wconf 69' lang='lat' dir='ltr'>mensium</span> <span class='ocrx_word' id='word_1_263' title='bbox 389 2491 464 2540; x_wconf 85' lang='lat' dir='ltr'>(de</span> <span class='ocrx_word' id='word_1_264' title='bbox 495 2494 642 2545; x_wconf 88' lang='lat' dir='ltr'>quibus</span> <span class='ocrx_word' id='word_1_265' title='bbox 675 2508 715 2535; x_wconf 84' lang='lat' dir='ltr'>v.</span> <span class='ocrx_word' id='word_1_266' title='bbox 736 2494 852 2532; x_wconf 83' lang='lat' dir='ltr'>Saxii</span> <span class='ocrx_word' id='word_1_267' title='bbox 883 2493 978 2532; x_wconf 85' lang='lat' dir='ltr'>hist.</span> <span class='ocrx_word' id='word_1_268' title='bbox 1011 2500 1168 2545; x_wconf 81' lang='lat' dir='ltr'>typogr.</span> <span class='ocrx_word' id='word_1_269' title='bbox 1195 2491 1388 2543; x_wconf 86' lang='lat' dir='ltr'>Mediol.)</span> <span class='ocrx_word' id='word_1_270' title='bbox 1416 2508 1561 2534; x_wconf 82' lang='lat' dir='ltr'>exem·-</span> 
     </span>
     <span class='ocr_line' id='line_1_36' title="bbox 163 2558 1560 2613; baseline 0.005 -19"><span class='ocrx_word' id='word_1_271' title='bbox 163 2558 253 2610; x_wconf 82' lang='lat' dir='ltr'>pla,</span> <span class='ocrx_word' id='word_1_272' title='bbox 285 2558 363 2596; x_wconf 83' lang='lat' dir='ltr'>etsi</span> <span class='ocrx_word' id='word_1_273' title='bbox 396 2558 613 2610; x_wconf 86' lang='lat' dir='ltr'>diligenter</span> <span class='ocrx_word' id='word_1_274' title='bbox 649 2561 850 2613; x_wconf 83' lang='lat' dir='ltr'>quaesita,</span> <span class='ocrx_word' id='word_1_275' title='bbox 879 2561 1066 2599; x_wconf 87' lang='lat' dir='ltr'>invenire</span> <span class='ocrx_word' id='word_1_276' title='bbox 1089 2559 1192 2599; x_wconf 85' lang='lat' dir='ltr'>mihi</span> <span class='ocrx_word' id='word_1_277' title='bbox 1215 2561 1396 2612; x_wconf 80' lang='lat' dir='ltr'>contigit.</span> <span class='ocrx_word' id='word_1_278' title='bbox 1455 2564 1560 2601; x_wconf 81' lang='lat' dir='ltr'>Vel-</span> 
     </span>
     <span class='ocr_line' id='line_1_37' title="bbox 161 2626 1561 2677; baseline 0.004 -13"><span class='ocrx_word' id='word_1_279' title='bbox 161 2626 244 2664; x_wconf 88' lang='lat' dir='ltr'>lem</span> <span class='ocrx_word' id='word_1_280' title='bbox 265 2626 425 2677; x_wconf 83' lang='lat' dir='ltr'>itaque,</span> <span class='ocrx_word' id='word_1_281' title='bbox 465 2632 533 2676; x_wconf 82' lang='lat' dir='ltr'>ut,</span> <span class='ocrx_word' id='word_1_282' title='bbox 573 2627 610 2665; x_wconf 86' lang='lat' dir='ltr'>si</span> <span class='ocrx_word' id='word_1_283' title='bbox 646 2629 715 2667; x_wconf 88' lang='lat' dir='ltr'>cui</span> <span class='ocrx_word' id='word_1_284' title='bbox 747 2628 797 2666; x_wconf 84' lang='lat' dir='ltr'>ad</span> <span class='ocrx_word' id='word_1_285' title='bbox 834 2641 975 2666; x_wconf 84' lang='lat' dir='ltr'>manus</span> <span class='ocrx_word' id='word_1_286' title='bbox 1015 2628 1117 2677; x_wconf 77' lang='lat' dir='ltr'>sint,</span> <span class='ocrx_word' id='word_1_287' title='bbox 1159 2628 1300 2666; x_wconf 87' lang='lat' dir='ltr'>critica</span> <span class='ocrx_word' id='word_1_288' title='bbox 1334 2642 1427 2667; x_wconf 88' lang='lat' dir='ltr'>cum</span> <span class='ocrx_word' id='word_1_289' title='bbox 1463 2644 1561 2669; x_wconf 84' lang='lat' dir='ltr'>cura</span> 
     </span>
     <span class='ocr_line' id='line_1_38' title="bbox 164 2694 1559 2747; baseline 0.002 -15"><span class='ocrx_word' id='word_1_290' title='bbox 164 2706 231 2732; x_wconf 77' lang='lat' dir='ltr'>eas</span> <span class='ocrx_word' id='word_1_291' title='bbox 263 2699 485 2732; x_wconf 82' lang='lat' dir='ltr'>excuteret.</span> <span class='ocrx_word' id='word_1_292' title='bbox 545 2694 589 2733; x_wconf 91' lang='lat' dir='ltr'>Si</span> <span class='ocrx_word' id='word_1_293' title='bbox 624 2701 761 2734; x_wconf 80' lang='lat' dir='ltr'>tamen</span> <span class='ocrx_word' id='word_1_294' title='bbox 784 2710 836 2734; x_wconf 80' lang='lat' dir='ltr'>cx</span> <span class='ocrx_word' id='word_1_295' title='bbox 858 2695 939 2733; x_wconf 87' lang='lat' dir='ltr'>illis</span> <span class='ocrx_word' id='word_1_296' title='bbox 962 2695 1205 2734; x_wconf 76' lang='lat' dir='ltr'>lectionibus</span> <span class='ocrx_word' id='word_1_297' title='bbox 1239 2695 1422 2735; x_wconf 84' lang='lat' dir='ltr'>iudicare</span> <span class='ocrx_word' id='word_1_298' title='bbox 1449 2697 1559 2747; x_wconf 72' lang='lat' dir='ltr'>licet,</span> 
     </span>
    </p>
   </div>
  </div>
 </body>
</html>
