1759 3029
372 186 622 228 RERVM
662 186 746 227 ET
785 185 1182 229 VERBORVM

87 308 144 334 vat
166 302 203 335 in
227 311 313 343 arca,
334 309 471 334 tantum
495 302 599 333 habet
620 308 652 332 et
668 299 750 332 fidei

87 359 121 399 5,
151 359 222 391 145.
260 361 327 391 ·vix
342 359 504 391 redolent
532 357 602 390 duo
629 358 751 390 funera

88 416 122 454 4,
139 426 211 458 109.
235 418 294 456 vis,
311 417 478 459 stipulare
491 427 520 458 7,
537 414 610 448 165.
636 427 752 458 quau-

91 475 117 503 ti
140 472 291 505 vendant
313 473 344 512 8,
368 484 442 517 ¹0²·
477 473 599 504 doceat
624 486 656 517 7,
679 474 752 518 176.

90 529 250 560 tenebras
287 529 451 562 conducis
488 529 518 568 5,
550 529 627 561 225.
683 543 752 562 una

90 587 241 617 venefica
269 595 401 618 constat
424 585 543 626 6‚626.
578 588 614 618 111
641 598 756 629 quan-

90 649 169 673 tum
202 652 348 685 poscunt
391 644 462 675 sitis
506 652 608 685 atque
647 644 758 676 sames

94 697 146 738 14,
176 699 253 732 518.
300 710 428 743 quanto
475 701 665 734 sublimior
709 712 759 742 11,

95 754 152 787 24.

144 810 432 859 Quanticumque
464 815 603 857 domus,
620 803 761 858 “venien

96 870 157 910 qui
186 878 250 902 cet.
278 883 307 913 7,
329 871 402 905 181.

148 924 389 968 ριιῑῖηΐιῑίῐὸει
417 929 542 974 gloria
567 931 655 976 quid
677 932 758 971 erit,

93 982 131 1014 δι’
150 982 275 1026 gloria
297 990 441 1018 tantum
464 987 550 1019 est?
576 1000 607 1030 7,
630 987 687 1024 81.

151 1039 271 1082 Quare
283 1042 472 1075 Caesennia
500 1047 631 1087 optima
642 1046 673 1086 6,
686 1045 760 1079 156.

97 1107 162 1128 nec
189 1108 250 1139 ear,
278 1111 383 1141 quare
408 1101 532 1144 perdas
559 1101 682 1140 6‚202.

150 1153 382 1197 Qum-tanam
407 1159 631 1200 sperantibus
655 1162 766 1203 aegris

99 1212 134 1253 4,
159 1211 214 1256 57.
241 1240 244 1243 ,

151 1269 295 1312 Quarta
321 1270 393 1303 dies
420 1283 502 1304 eum
525 1280 635 1305 torret
656 1274 766 1304 olim-

101 1337 168 1368 que
197 1327 387 1360 ‹lomestica
410 1329 516 1361 febris
539 1341 570 1373 9,
597 1341 646 1373 17.

156 1382 272 1426 Quasi
286 1386 427 1418 fortuita
446 1386 495 1426 15,
511 1387 588 1419 225.
613 1388 686 1429 ipse
703 1398 764 1418 ae-

103 1438 164 1471 ‹les
187 1453 264 1473 suas
287 1442 484 1475 incenderit
504 1443 535 1483 5,
556 1455 636 1477 222·

154 1496 381 1540 Quasillaria
401 1499 434 1540 6,
455 1499 535 1543 476.
559 1512 594 1532 n.

155 1553 322 1597 Quas-sas
347 1557 485 1598 galeam
499 1568 531 1597 2,
550 1556 624 1589 150.
663 1567 769 1598 quas-

103 1620 218 1644 satum
244 1614 391 1645 calicem
416 1611 448 1653 5,
470 1612 525 1645 48.

158 1668 346 1711 Quatenus
365 1682 392 1702 s.
417 1670 592 1714 quatinus
614 1669 672 1702 hic
699 1681 770 1702 non

105 1734 187 1758 sunt
211 1727 349 1758 venales
374 1726 551 1769 elephanti
578 1737 630 1767 12,
650 1738 725 1759 102.

158 1781 297 1825 Quccter
322 1785 419 1825 egisti
441 1796 470 1825 7,
487 1794 562 1816 122.

157 1839 290 1883 Quatit
332 1841 443 1873 hostia
489 1840 614 1871 funem
659 1851 710 1881 12,
740 1839 773 1873 5.

107 1899 285 1939 quatiente
336 1899 454 1930 animo
496 1898 681 1939 flagellum
723 1898 774 1939 13,

111 1953 187 1998 195.
213 1956 367 1997 quatiare
392 1958 463 1988 risu
492 1954 542 1995 15,
561 1964 634 1995 171.

158 2009 326 2054 Quatuor
348 2011 499 2043 infantes
524 2009 694 2043 ludebant
715 2022 776 2043 ca·-

109 2079 147 2100 sa
173 2067 224 2108 14,
242 2066 315 2100 168.
340 2067 458 2109 digitis
483 2079 502 2099 a
526 2060 640 2099 morte
654 2079 775 2111 remo-—

111 2132 165 2156 tus
194 2134 245 2164 12,
274 2123 329 2168 59.
381 2136 546 2156 nasorum
573 2126 720 2157 calicem
745 2122 776 2165 5,

109 2180 166 2225 47.
192 2183 291 2213 anuis
321 2181 534 2225 praecedere
567 2189 642 2214 tam
665 2193 776 2215 vene-

111 2238 224 2270 rabile
250 2247 321 2270 erat
350 2239 400 2280 15,
425 2237 481 2273 58.

168 2293 449 2337 Quaruordecim
492 2295 633 2328 ordines
674 2297 778 2338 equi-

115 2359 194 2384 tum
221 2351 253 2391 5,
268 2352 339 2384 154.
369 2353 444 2386 155.
470 2353 522 2394 14,
545 2353 626 2387 524.
648 2364 701 2395 sq.

166 2407 289 2451 Queas
328 2420 475 2451 aequare
514 2410 615 2442 nulla
648 2411 782 2443 theatra

116 2474 182 2498 cet.
217 2466 267 2504 14,
287 2465 363 2508 257.
408 2474 514 2507 queat
540 2478 606 2499 nec
638 2469 783 2500 sufferre

115 2522 271 2567 pondera
308 2533 468 2564 gemmae
504 2536 531 2564 1,
559 2534 614 2568 29.
674 2534 781 2556 nemo

116 2580 266 2623 pau-iam
292 2588 484 2611 monstrare
507 2582 660 2623 parentis
682 2579 716 2620 8,
727 2579 784 2613 45.

117 2638 179 2679 qui
223 2636 312 2667 ferre
360 2648 598 2680 quoscumque
645 2636 784 2670 labores

121 2703 174 2733 1ο,
199 2692 276 2737 559.

169 2749 330 2793 Quercus
360 2751 487 2785 veteris
522 2749 661 2785 fastidia
697 2762 786 2788 eon-

1398 188 1477 231 521

807 302 950 343 tingunt
983 301 1121 334 homini
1151 310 1266 344 gratae
1291 309 1369 345 post
1392 313 1479 334 mu-

808 369 873 389 nus
897 360 1018 390 aristae
1050 361 1100 398 14,
1115 359 1188 391 184.
1215 371 1385 401 quercum
1408 360 1479 392 Ca-

808 416 994 457 pitolinam
1019 427 1155 458 sperare
1181 416 1308 448 fidibus
1332 415 1363 456 6,
1378 415 1458 460 587.

862 470 1012 514 Querela
1047 474 1156 505 simili
1186 475 1290 515 plena
1316 474 1391 504 sora
1429 473 1480 514 15,

813 529 888 561 155.
947 531 1108 570 querelae
1140 533 1250 562 iustae
1286 542 1384 562 causa
1412 529 1480 561 de·-

815 587 927 618 fertur
959 586 1010 627 16,
1036 597 1086 630 19.
1154 588 1312 629 querelas
1332 596 1480 632 -uostras

815 645 882 686 fige
907 645 995 676 intra
1021 651 1054 675 te
1081 654 1112 687 9,
1138 646 1192 688 91.

871 699 1035 743 Quereris
1083 711 1147 732 nec
1198 702 1286 743 patri
1324 712 1363 740 2,
1408 701 1483 734 151.

817 759 1005 800 intercepta
1031 756 1154 789 decem
1178 760 1332 789 sestertia
1358 759 1481 790 fraude

822 815 883 854 15,
913 825 965 858 71.
1016 816 1194 857 queritur,
1237 815 1331 856 quod
1367 828 1485 858 parcas

818 870 851 912 6,
868 871 923 905 56.
950 872 1119 914 querebar
1143 871 1263 911 modo,
1288 872 1388 905 vobis
1413 884 1484 905 non

818 929 943 961 eadem
967 932 1045 962 vina
1069 930 1153 972 poni
1187 920 1225 969 5,
1263 927 1317 961 51.
1358 940 1486 970 quera-

817 995 873 1018 tur
900 996 1071 1029 quantum
1098 985 1140 1017 dc
1166 985 1304 1027 legibus
1330 987 1401 1028 ipse
1430 986 1486 1018 fa-

816 1052 934 1076 torum
961 1055 1012 1084 10,
1034 1042 1310 1084 251.que1·entes
1335 1041 1377 1073 de
1403 1044 1489 1075 sed-

820 1102 928 1132 itione
966 1100 1142 1133 Gracchos
1188 1101 1264 1142 quis
1307 1098 1422 1130 serat?
1456 1111 1488 1142 2,

827 1158 881 1190 24.

877 1212 948 1256 Qui
970 1215 1015 1245 sis
1051 1224 1101 1254 11,
1123 1213 1180 1246 33.
1223 1225 1317 1245 casus
1343 1215 1489 1257 impulit

823 1270 910 1302 lios?
946 1271 994 1309 15,
1018 1282 1089 1314 119.

823 1325 950 1358 albae?
976 1326 1026 1365 15,
1056 1328 1130 1359 111.

1137 1279 1175 1302 tu
1207 1271 1360 1312 gallinae
1394 1271 1489 1304 filius

1177 1338 1246 1371 quo
1275 1327 1407 1369 effigies
1437 1336 1489 1361 tot

823 1384 1064 1418 bellatorum?
1087 1384 1118 1424 8,
1138 1397 1170 1428 0.
1217 1383 1272 1416 Cf.
1298 1382 1330 1423 8,
1353 1385 1415 1417 142
1436 1398 1491 1429 sq.

826 1442 878 1482 1-1,
902 1441 975 1473 155.
1014 1441 1138 1481 15,(31.
1191 1440 1300 1483 Quem
1330 1449 1362 1472 et
1397 1452 1493 1486 quo-

784 1514 787 1515 ⁷
823 1510 899 1531 rum
926 1509 989 1541 pro
1031 1508 1138 1542 quam
1181 1505 1215 1528 et
1254 1508 1405 1542 quarum
1441 1499 1494 1541 14,

825 1555 903 1587 251.
919 1556 994 1586 2³41.
1016 1565 1052 1586 n.
1083 1554 1171 1597 Quis
1185 1566 1248 1597 pro
1278 1554 1380 1599 queis
1402 1558 1493 1590 scri-

826 1612 985 1644 bendum
1008 1611 1039 1648 5,
1062 1611 1116 1643 51.
1147 1609 1188 1642 V.
1211 1609 1257 1642 L.

866 1667 974 1711 ,ριιία
991 1676 1071 1700 suut
1095 1667 1210 1699 taedia
1240 1677 1291 1706 11,
1314 1677 1391 1712 207·

881 1724 1099 1770 Quicumque
1123 1724 1279 1767 adspexit
1310 1724 1419 1766 Deus,
1443 1727 1497 1758 ri·-

830 1781 890 1814 det
915 1791 948 1814 et
973 1782 1048 1816 odit
1074 1779 1192 1825 15,·71.
1218 1783 1327 1813 nectit
1358 1800 1404 1806 —
1427 1794 1495 1815 ne-

829 1851 890 1872 mo
917 1847 1061 1881 cogetur
1097 1850 1128 1883 7,
1156 1838 1206 1871 18.
1252 1849 1496 1882 quaecumque

830 1898 974 1939 legerat,
1000 1897 1083 1928 haec
1120 1895 1245 1928 eadem
1279 1906 1343 1928 cet.
1368 1909 1398 1938 7,
1423 1895 1497 1931 152.

832 1964 893 1995 est,
915 1966 1070 1997 purpura
1096 1953 1193 1986 ducit
1231 1953 1275 1986 ad
1304 1954 1418 1986 scelus
1448 1955 1500 1995 14,

835 2011 910 2044 188.
926 2013 1045 2043 altaria
1064 2018 1214 2053 tangunt
1230 2010 1282 2050 15,
1295 2008 1351 2054 89.
1375 2008 1495 2052 quod—-

833 2079 984 2110 cumque
1008 2068 1135 2100 liberet
1161 2078 1189 2108 1,
1211 2067 1287 2101 152.
1317 2075 1367 2099 est
1382 2079 1502 2112 7‚217.

833 2126 1067 2157 committitur
1094 2124 1146 2165 15,
1170 2137 1198 2158 1.
1256 2124 1350 2157 volet
1379 2124 1428 2164 15,
1447 2136 1500 2169 92.

833 2181 978 2215 tradidit
989 2182 1105 2214 Moses
1122 2181 1174 2222 14,
1188 2192 1262 2214 102.
1288 2191 1500 2223 quemcum-
1514 2170 1519 2178 '

835 2250 902 2282 que
923 2246 1107 2282 parentem
1141 2240 1192 2271 sie
1230 2249 1371 2282 possem
1404 2239 1502 2272 affari

840 2295 892 2337 14,
917 2305 994 2329 210.
1041 2306 1264 2338 quocumque
1297 2297 1334 2327 in
1368 2296 1519 2328 fornice-

836 2352 965 2392 1111115,
996 2351 1069 2384 156.
1119 2353 1197 2383 loco
1229 2360 1262 2383 et
1302 2364 1438 2386 recessu
1469 2353 1524 2395 5,““’

838 2411 916 2443 230.
941 2413 976 2441 in
1001 2410 1112 2447 trivio,
1132 2410 1340 2450 cuicumque
1367 2419 1417 2442 est
1435 2410 1504 2443 ob-

840 2469 905 2507 via,
931 2474 1046 2497 narrat
1071 2464 1103 2507 6,
1126 2465 1206 2498 412.
1241 2467 1309 2498 alio
1347 2465 1390 2498 de
1423 2479 1506 2499 san-

839 2525 944 2565 guine
970 2521 1001 2565 8,
1021 2533 1078 2567 27.
1115 2525 1210 2555 venit
1234 2522 1277 2555 de
1304 2526 1460 2566 gramine
1472 2524 1505 2564 8,

839 2580 895 2613 60.
931 2579 974 2612 de
1002 2580 1095 2612 libro
1130 2580 1227 2613 voles
1248 2591 1418 2624 proavum
1444 2581 1508 2614 tibi

839 2639 970 2669 sumito
991 2637 1024 2678 8,
1047 2636 1122 2670 154.
1170 2639 1206 2669 in
1232 2639 1365 2681 populo
1387 2647 1422 2672 et
1439 2638 1503 2671 sub

843 2705 904 2726 axe
932 2694 983 2735 14,
1003 2693 1056 2727 42.
1104 2694 1213 2728 modo
1249 2704 1408 2728 crescunt
1441 2706 1507 2738 pa-

842 2753 1010 2786 trimonia
1045 2751 1100 2795 14,
1127 2760 1201 2799 117.
1269 2753 1402 2790 vocarit
1430 2763 1510 2796 spes
