<?xml version="1.0" encoding="UTF-8"?>
<!DOCTYPE html PUBLIC "-//W3C//DTD XHTML 1.0 Transitional//EN"
    "http://www.w3.org/TR/xhtml1/DTD/xhtml1-transitional.dtd">
<html xmlns="http://www.w3.org/1999/xhtml" xml:lang="en" lang="en">
 <head>
  <title>
</title>
<meta http-equiv="Content-Type" content="text/html;charset=utf-8" />
  <meta name='ocr-system' content='tesseract 3.04.00' />
  <meta name='ocr-capabilities' content='ocr_page ocr_carea ocr_par ocr_line ocrx_word'/>
</head>
<body>
  <div class='ocr_page' id='page_1' title='image "./satirae16adoptim01juveuoft/satirae16adoptim01juveuoft_0214.png"; bbox 0 0 1759 3029; ppageno 0'>
   <div class='ocr_carea' id='block_1_1' title="bbox 233 194 285 241">
    <p class='ocr_par' dir='ltr' id='par_1_1' title="bbox 233 194 285 241">
     <span class='ocr_line' id='line_1_1' title="bbox 233 194 285 241; baseline -0.019 0"><span class='ocrx_word' id='word_1_1' title='bbox 233 194 285 241; x_wconf 80' lang='lat'>1&#39;6</span> 
     </span>
    </p>
   </div>
   <div class='ocr_carea' id='block_1_2' title="bbox 572 193 1274 241">
    <p class='ocr_par' dir='ltr' id='par_1_2' title="bbox 572 193 1274 241">
     <span class='ocr_line' id='line_1_2' title="bbox 572 193 1274 241; baseline 0.004 -4"><span class='ocrx_word' id='word_1_2' title='bbox 572 193 635 237; x_wconf 66' lang='lat' dir='ltr'>DJ</span> <span class='ocrx_word' id='word_1_3' title='bbox 683 196 820 238; x_wconf 85' lang='lat' dir='ltr'>IVN.</span> <span class='ocrx_word' id='word_1_4' title='bbox 877 193 1274 241; x_wconf 82' lang='lat' dir='ltr'>IVVENALIS</span> 
     </span>
    </p>
   </div>
   <div class='ocr_carea' id='block_1_3' title="bbox 174 308 1619 770">
    <p class='ocr_par' dir='ltr' id='par_1_3' title="bbox 226 308 1509 437">
     <span class='ocr_line' id='line_1_3' title="bbox 229 308 1509 369; baseline 0.005 -20"><span class='ocrx_word' id='word_1_5' title='bbox 229 308 325 366; x_wconf 83' lang='lat' dir='ltr'>Qui</span> <span class='ocrx_word' id='word_1_6' title='bbox 356 308 477 351; x_wconf 80' lang='lat' dir='ltr'>dedit</span> <span class='ocrx_word' id='word_1_7' title='bbox 506 324 613 367; x_wconf 84' lang='lat' dir='ltr'>ergo</span> <span class='ocrx_word' id='word_1_8' title='bbox 641 311 785 353; x_wconf 87' lang='lat' dir='ltr'>tribus</span> <span class='ocrx_word' id='word_1_9' title='bbox 815 313 988 369; x_wconf 78' lang='lat' dir='ltr'>patruis</span> <span class='ocrx_word' id='word_1_10' title='bbox 1019 314 1218 365; x_wconf 70' lang='lat' dir='ltr'>aconita,</span> <span class='ocrx_word' id='word_1_11' title='bbox 1247 312 1441 356; x_wconf 85' lang='lat' dir='ltr'>vehatur</span> <span class='ocrx_word' id='word_1_12' title='bbox 1489 315 1509 326; x_wconf 85' lang='grc'>”</span> 
     </span>
     <span class='ocr_line' id='line_1_4' title="bbox 226 377 1409 437; baseline 0.003 -18"><span class='ocrx_word' id='word_1_13' title='bbox 226 377 479 419; x_wconf 86' lang='lat' dir='ltr'>Pensilibus</span> <span class='ocrx_word' id='word_1_14' title='bbox 508 377 675 433; x_wconf 79' lang='lat' dir='ltr'>plumis</span> <span class='ocrx_word' id='word_1_15' title='bbox 705 387 836 434; x_wconf 83' lang='lat' dir='ltr'>atque</span> <span class='ocrx_word' id='word_1_16' title='bbox 864 380 990 420; x_wconf 86' lang='lat' dir='ltr'>illinc</span> <span class='ocrx_word' id='word_1_17' title='bbox 1021 379 1234 437; x_wconf 79' lang='lat' dir='ltr'>despiciat</span> <span class='ocrx_word' id='word_1_18' title='bbox 1262 381 1379 422; x_wconf 80' lang='lat' dir='ltr'>nos‘?</span> <span class='ocrx_word' id='word_1_19' title='bbox 1406 397 1409 400; x_wconf 58' lang='lat'><strong>⁴</strong></span> 
     </span>
    </p>

    <p class='ocr_par' dir='ltr' id='par_1_4' title="bbox 226 444 1619 568">
     <span class='ocr_line' id='line_1_5' title="bbox 227 444 1619 504; baseline 0.006 -20"><span class='ocrx_word' id='word_1_20' title='bbox 227 444 388 501; x_wconf 83' lang='lat' dir='ltr'>Quum</span> <span class='ocrx_word' id='word_1_21' title='bbox 416 446 567 486; x_wconf 82' lang='lat' dir='ltr'>veniet</span> <span class='ocrx_word' id='word_1_22' title='bbox 595 454 776 497; x_wconf 80' lang='lat' dir='ltr'>contra,</span> <span class='ocrx_word' id='word_1_23' title='bbox 809 446 946 503; x_wconf 79' lang='lat' dir='ltr'>digito</span> <span class='ocrx_word' id='word_1_24' title='bbox 979 462 1212 504; x_wconf 81' lang='lat' dir='ltr'>compesce</span> <span class='ocrx_word' id='word_1_25' title='bbox 1249 448 1479 490; x_wconf 77' lang='lat' dir='ltr'>labellum.</span> <span class='ocrx_word' id='word_1_26' title='bbox 1521 449 1619 493; x_wconf 82' lang='lat'>&#39;160</span> 
     </span>
     <span class='ocr_line' id='line_1_6' title="bbox 226 511 1375 568; baseline 0.004 -17"><span class='ocrx_word' id='word_1_27' title='bbox 226 511 475 554; x_wconf 76' lang='lat' dir='ltr'>Accusator</span> <span class='ocrx_word' id='word_1_28' title='bbox 505 511 611 559; x_wconf 64' lang='lat' dir='ltr'>erit4</span> <span class='ocrx_word' id='word_1_29' title='bbox 644 513 719 568; x_wconf 88' lang='lat' dir='ltr'>qui</span> <span class='ocrx_word' id='word_1_30' title='bbox 748 515 942 556; x_wconf 81' lang='lat' dir='ltr'>verbum</span> <span class='ocrx_word' id='word_1_31' title='bbox 973 514 1162 567; x_wconf 76' lang='lat' dir='ltr'>dixerit,</span> <span class='ocrx_word' id='word_1_32' title='bbox 1193 515 1267 556; x_wconf 85' lang='lat' dir='ltr'>hic</span> <span class='ocrx_word' id='word_1_33' title='bbox 1297 524 1375 557; x_wconf 82' lang='lat' dir='ltr'>est.</span> 
     </span>
    </p>

    <p class='ocr_par' dir='ltr' id='par_1_5' title="bbox 223 578 1450 704">
     <span class='ocr_line' id='line_1_7' title="bbox 223 578 1367 637; baseline 0.002 -16"><span class='ocrx_word' id='word_1_34' title='bbox 223 578 421 621; x_wconf 70' lang='lat' dir='ltr'>Securus</span> <span class='ocrx_word' id='word_1_35' title='bbox 448 579 553 621; x_wconf 79' lang='lat' dir='ltr'>licet</span> <span class='ocrx_word' id='word_1_36' title='bbox 581 579 782 621; x_wconf 79' lang='lat' dir='ltr'>Aeneam</span> <span class='ocrx_word' id='word_1_37' title='bbox 819 581 1127 637; x_wconf 80' lang='lat' dir='ltr'>Rutulumque</span> <span class='ocrx_word' id='word_1_38' title='bbox 1166 581 1367 623; x_wconf 80' lang='lat' dir='ltr'>ferocem</span> 
     </span>
     <span class='ocr_line' id='line_1_8' title="bbox 223 645 1450 704; baseline 0.002 -16"><span class='ocrx_word' id='word_1_39' title='bbox 223 645 516 688; x_wconf 76' lang='lat' dir='ltr'>committas:</span> <span class='ocrx_word' id='word_1_40' title='bbox 546 647 661 687; x_wconf 87' lang='lat' dir='ltr'>nulli</span> <span class='ocrx_word' id='word_1_41' title='bbox 690 648 837 702; x_wconf 79' lang='lat' dir='ltr'>gravis</span> <span class='ocrx_word' id='word_1_42' title='bbox 870 657 934 689; x_wconf 84' lang='lat' dir='ltr'>est</span> <span class='ocrx_word' id='word_1_43' title='bbox 956 664 1210 704; x_wconf 69' lang='lat' dir='ltr'>,percussus</span> <span class='ocrx_word' id='word_1_44' title='bbox 1252 649 1450 691; x_wconf 86' lang='lat' dir='ltr'>Achilles</span> 
     </span>
    </p>

    <p class='ocr_par' dir='ltr' id='par_1_6' title="bbox 174 713 1503 770">
     <span class='ocr_line' id='line_1_9' title="bbox 174 713 1503 770; baseline 0.004 -17"><span class='ocrx_word' id='word_1_45' title='bbox 174 755 179 757; x_wconf 73' lang='grc'><strong>,</strong></span> <span class='ocrx_word' id='word_1_46' title='bbox 223 713 320 757; x_wconf 81' lang='lat' dir='ltr'>Aut</span> <span class='ocrx_word' id='word_1_47' title='bbox 346 713 543 754; x_wconf 87' lang='lat' dir='ltr'>multum</span> <span class='ocrx_word' id='word_1_48' title='bbox 573 714 795 767; x_wconf 82' lang='lat' dir='ltr'>quaesitus</span> <span class='ocrx_word' id='word_1_49' title='bbox 829 714 966 769; x_wconf 79' lang='lat' dir='ltr'>Hylas</span> <span class='ocrx_word' id='word_1_50' title='bbox 996 729 1248 769; x_wconf 84' lang='lat' dir='ltr'>urnamque</span> <span class='ocrx_word' id='word_1_51' title='bbox 1275 725 1503 770; x_wconf 84' lang='lat' dir='ltr'>sequutus.</span> 
     </span>
    </p>
   </div>
   <div class='ocr_carea' id='block_1_4' title="bbox 222 779 1306 833">
    <p class='ocr_par' dir='ltr' id='par_1_7' title="bbox 222 779 1306 833">
     <span class='ocr_line' id='line_1_10' title="bbox 222 779 1306 833; baseline -0.002 -10"><span class='ocrx_word' id='word_1_52' title='bbox 222 780 344 823; x_wconf 89' lang='lat' dir='ltr'>Ense</span> <span class='ocrx_word' id='word_1_53' title='bbox 374 780 499 821; x_wconf 84' lang='lat' dir='ltr'>velut</span> <span class='ocrx_word' id='word_1_54' title='bbox 526 779 678 822; x_wconf 80' lang='lat' dir='ltr'>stricto</span> <span class='ocrx_word' id='word_1_55' title='bbox 711 779 884 833; x_wconf 85' lang='lat' dir='ltr'>quoties</span> <span class='ocrx_word' id='word_1_56' title='bbox 913 780 1115 822; x_wconf 80' lang='lat' dir='ltr'>Lucilius</span> <span class='ocrx_word' id='word_1_57' title='bbox 1147 780 1306 821; x_wconf 82' lang='lat' dir='ltr'>ardens</span> 
     </span>
    </p>
   </div>
   <div class='ocr_carea' id='block_1_5' title="bbox 1537 784 1616 827">
    <p class='ocr_par' dir='ltr' id='par_1_8' title="bbox 1537 784 1616 827">
     <span class='ocr_line' id='line_1_11' title="bbox 1537 784 1616 827; baseline 0.025 -2"><span class='ocrx_word' id='word_1_58' title='bbox 1537 784 1616 827; x_wconf 86' lang='grc'>165</span> 
     </span>
    </p>
   </div>
   <div class='ocr_carea' id='block_1_6' title="bbox 221 844 1441 971">
    <p class='ocr_par' dir='ltr' id='par_1_9' title="bbox 221 844 1441 971">
     <span class='ocr_line' id='line_1_12' title="bbox 223 844 1433 902; baseline 0 -13"><span class='ocrx_word' id='word_1_59' title='bbox 223 847 492 897; x_wconf 73' lang='lat' dir='ltr'>Infremuit,</span> <span class='ocrx_word' id='word_1_60' title='bbox 522 845 654 886; x_wconf 81' lang='lat' dir='ltr'>rubet</span> <span class='ocrx_word' id='word_1_61' title='bbox 683 844 884 897; x_wconf 78' lang='lat' dir='ltr'>auditor,</span> <span class='ocrx_word' id='word_1_62' title='bbox 916 845 990 887; x_wconf 86' lang='lat' dir='ltr'>cui</span> <span class='ocrx_word' id='word_1_63' title='bbox 1019 846 1184 902; x_wconf 81' lang='lat' dir='ltr'>frigida</span> <span class='ocrx_word' id='word_1_64' title='bbox 1211 862 1338 888; x_wconf 88' lang='lat' dir='ltr'>mens</span> <span class='ocrx_word' id='word_1_65' title='bbox 1368 856 1433 890; x_wconf 84' lang='lat' dir='ltr'>est</span> 
     </span>
     <span class='ocr_line' id='line_1_13' title="bbox 221 911 1441 971; baseline -0.001 -15"><span class='ocrx_word' id='word_1_66' title='bbox 221 913 529 964; x_wconf 80' lang='lat' dir='ltr'>Criminibus3</span> <span class='ocrx_word' id='word_1_67' title='bbox 570 912 703 953; x_wconf 76' lang='lat' dir='ltr'>tacita</span> <span class='ocrx_word' id='word_1_68' title='bbox 740 911 901 953; x_wconf 85' lang='lat' dir='ltr'>sudant</span> <span class='ocrx_word' id='word_1_69' title='bbox 937 913 1203 969; x_wconf 82' lang='lat' dir='ltr'>praecordia</span> <span class='ocrx_word' id='word_1_70' title='bbox 1241 915 1388 971; x_wconf 81' lang='lat' dir='ltr'>culpa.</span> <span class='ocrx_word' id='word_1_71' title='bbox 1439 943 1441 945; x_wconf 95' lang='lat'>-</span> 
     </span>
    </p>
   </div>
   <div class='ocr_carea' id='block_1_7' title="bbox 221 979 797 1024">
    <p class='ocr_par' dir='ltr' id='par_1_10' title="bbox 221 979 797 1024">
     <span class='ocr_line' id='line_1_14' title="bbox 221 979 797 1024; baseline -0.007 0"><span class='ocrx_word' id='word_1_72' title='bbox 221 981 333 1024; x_wconf 85' lang='lat' dir='ltr'>Inde</span> <span class='ocrx_word' id='word_1_73' title='bbox 361 981 455 1022; x_wconf 76' lang='lat' dir='ltr'>irae</span> <span class='ocrx_word' id='word_1_74' title='bbox 486 988 529 1021; x_wconf 84' lang='lat' dir='ltr'>et</span> <span class='ocrx_word' id='word_1_75' title='bbox 555 979 797 1021; x_wconf 82' lang='lat' dir='ltr'>lacrumae.</span> 
     </span>
    </p>
   </div>
   <div class='ocr_carea' id='block_1_8' title="bbox 213 1134 889 2036">
    <p class='ocr_par' dir='ltr' id='par_1_11' title="bbox 213 1134 889 2036">
     <span class='ocr_line' id='line_1_15' title="bbox 219 1134 889 1176; baseline -0.001 -7"><span class='ocrx_word' id='word_1_76' title='bbox 219 1135 251 1175; x_wconf 77' lang='grc'>5,</span> <span class='ocrx_word' id='word_1_77' title='bbox 271 1135 314 1175; x_wconf 81' lang='grc'>5.,</span> <span class='ocrx_word' id='word_1_78' title='bbox 332 1136 489 1176; x_wconf 81' lang='lat' dir='ltr'>aliusque</span> <span class='ocrx_word' id='word_1_79' title='bbox 513 1134 786 1176; x_wconf 79' lang='lat' dir='ltr'>Heinsii,&#39;quem</span> <span class='ocrx_word' id='word_1_80' title='bbox 811 1134 889 1168; x_wconf 79' lang='lat' dir='ltr'>vide</span> 
     </span>
     <span class='ocr_line' id='line_1_16' title="bbox 219 1190 888 1234; baseline 0.001 -9"><span class='ocrx_word' id='word_1_81' title='bbox 219 1192 265 1226; x_wconf 85' lang='lat' dir='ltr'>ad</span> <span class='ocrx_word' id='word_1_82' title='bbox 286 1192 390 1225; x_wconf 74' lang='lat' dir='ltr'>Ovid.</span> <span class='ocrx_word' id='word_1_83' title='bbox 409 1191 494 1223; x_wconf 77' lang='lat' dir='ltr'>Met.</span> <span class='ocrx_word' id='word_1_84' title='bbox 517 1192 547 1229; x_wconf 59' lang='lat'>4,</span> <span class='ocrx_word' id='word_1_85' title='bbox 570 1190 647 1234; x_wconf 67' lang='lat'>375.</span> <span class='ocrx_word' id='word_1_86' title='bbox 671 1191 824 1225; x_wconf 74' lang='lat' dir='ltr'>deducet</span> <span class='ocrx_word' id='word_1_87' title='bbox 837 1194 888 1226; x_wconf 84' lang='grc'>16.</span> 
     </span>
     <span class='ocr_line' id='line_1_17' title="bbox 217 1246 887 1293; baseline 0.003 -12"><span class='ocrx_word' id='word_1_88' title='bbox 217 1261 272 1285; x_wconf 77' lang='lat'>22-</span> <span class='ocrx_word' id='word_1_89' title='bbox 292 1250 346 1282; x_wconf 61' lang='lat'>43.</span> <span class='ocrx_word' id='word_1_90' title='bbox 357 1249 412 1281; x_wconf 76' lang='grc'>82.</span> <span class='ocrx_word' id='word_1_91' title='bbox 435 1248 582 1280; x_wconf 77' lang='lat' dir='ltr'>deducit</span> <span class='ocrx_word' id='word_1_92' title='bbox 594 1259 624 1279; x_wconf 92' lang='lat'>1.</span> <span class='ocrx_word' id='word_1_93' title='bbox 638 1246 658 1279; x_wconf 90' lang='lat'>8</span> <span class='ocrx_word' id='word_1_94' title='bbox 672 1261 690 1280; x_wconf 88' lang='lat' dir='ltr'>a</span> <span class='ocrx_word' id='word_1_95' title='bbox 708 1261 756 1282; x_wconf 89' lang='lat' dir='ltr'>m.</span> <span class='ocrx_word' id='word_1_96' title='bbox 770 1261 822 1293; x_wconf 85' lang='lat' dir='ltr'>pr.</span> <span class='ocrx_word' id='word_1_97' title='bbox 835 1262 887 1283; x_wconf 90' lang='grc'>10.</span> 
     </span>
     <span class='ocr_line' id='line_1_18' title="bbox 224 1305 885 1349; baseline 0 -9"><span class='ocrx_word' id='word_1_98' title='bbox 224 1318 278 1341; x_wconf 79' lang='grc'>11.</span> <span class='ocrx_word' id='word_1_99' title='bbox 301 1317 352 1339; x_wconf 86' lang='grc'>12.</span> <span class='ocrx_word' id='word_1_100' title='bbox 379 1306 430 1338; x_wconf 55' lang='lat'>14.</span> <span class='ocrx_word' id='word_1_101' title='bbox 453 1317 504 1348; x_wconf 77' lang='lat'>17·</span> <span class='ocrx_word' id='word_1_102' title='bbox 529 1316 579 1349; x_wconf 79' lang='lat'>19.</span> <span class='ocrx_word' id='word_1_103' title='bbox 604 1315 657 1338; x_wconf 82' lang='lat'>20:</span> <span class='ocrx_word' id='word_1_104' title='bbox 677 1305 799 1339; x_wconf 54' lang='lat'>25-32.</span> <span class='ocrx_word' id='word_1_105' title='bbox 819 1308 885 1340; x_wconf 74' lang='lat'>45-</span> 
     </span>
     <span class='ocr_line' id='line_1_19' title="bbox 216 1363 889 1406; baseline 0 -10"><span class='ocrx_word' id='word_1_106' title='bbox 216 1364 274 1396; x_wconf 83' lang='lat'>4—.</span> <span class='ocrx_word' id='word_1_107' title='bbox 299 1364 355 1406; x_wconf 56' lang='grc'>410,-</span> <span class='ocrx_word' id='word_1_108' title='bbox 388 1363 442 1395; x_wconf 85' lang='grc'>50.</span> <span class='ocrx_word' id='word_1_109' title='bbox 475 1364 515 1394; x_wconf 53' lang='grc'>51</span> <span class='ocrx_word' id='word_1_110' title='bbox 534 1382 555 1387; x_wconf 86' lang='grc'><strong>-</strong></span> <span class='ocrx_word' id='word_1_111' title='bbox 579 1363 631 1405; x_wconf 69' lang='grc'>60.</span> <span class='ocrx_word' id='word_1_112' title='bbox 663 1374 700 1406; x_wconf 80' lang='lat'>71</span> <span class='ocrx_word' id='word_1_113' title='bbox 725 1382 745 1388; x_wconf 96' lang='lat'>-</span> <span class='ocrx_word' id='word_1_114' title='bbox 768 1375 820 1406; x_wconf 71' lang='lat'>77.</span> <span class='ocrx_word' id='word_1_115' title='bbox 856 1372 889 1396; x_wconf 87' lang='lat' dir='ltr'>et</span> 
     </span>
     <span class='ocr_line' id='line_1_20' title="bbox 217 1418 888 1461; baseline 0.003 -10"><span class='ocrx_word' id='word_1_116' title='bbox 217 1418 350 1453; x_wconf 73' lang='lat' dir='ltr'><strong>XXXV</strong></span> <span class='ocrx_word' id='word_1_117' title='bbox 362 1418 464 1450; x_wconf 88' lang='lat' dir='ltr'>codd.</span> <span class='ocrx_word' id='word_1_118' title='bbox 477 1418 582 1451; x_wconf 66' lang='lat' dir='ltr'>Paris.</span> <span class='ocrx_word' id='word_1_119' title='bbox 600 1419 699 1461; x_wconf 90' lang='lat' dir='ltr'>prob.</span> <span class='ocrx_word' id='word_1_120' title='bbox 711 1420 796 1452; x_wconf 86' lang='lat' dir='ltr'>Ach.</span> <span class='ocrx_word' id='word_1_121' title='bbox 823 1421 888 1453; x_wconf 85' lang='lat' dir='ltr'>de-</span> 
     </span>
     <span class='ocr_line' id='line_1_21' title="bbox 216 1475 885 1519; baseline 0.003 -10"><span class='ocrx_word' id='word_1_122' title='bbox 216 1478 324 1510; x_wconf 73' lang='lat' dir='ltr'>&#39;ducis</span> <span class='ocrx_word' id='word_1_123' title='bbox 355 1476 374 1508; x_wconf 87' lang='grc'>8</span> <span class='ocrx_word' id='word_1_124' title='bbox 398 1478 483 1508; x_wconf 62' lang='lat' dir='ltr'>a&#39;m.</span> <span class='ocrx_word' id='word_1_125' title='bbox 502 1488 569 1508; x_wconf 81' lang='lat' dir='ltr'>sec.</span> <span class='ocrx_word' id='word_1_126' title='bbox 593 1475 647 1508; x_wconf 83' lang='lat'>28.</span> <span class='ocrx_word' id='word_1_127' title='bbox 670 1488 721 1519; x_wconf 72' lang='lat'>70.</span> <span class='ocrx_word' id='word_1_128' title='bbox 757 1485 789 1509; x_wconf 83' lang='lat' dir='ltr'>et</span> <span class='ocrx_word' id='word_1_129' title='bbox 809 1478 885 1511; x_wconf 80' lang='lat' dir='ltr'>MS.</span> 
     </span>
     <span class='ocr_line' id='line_1_22' title="bbox 217 1533 885 1567; baseline -0.001 0"><span class='ocrx_word' id='word_1_130' title='bbox 217 1536 282 1567; x_wconf 83' lang='lat' dir='ltr'>viri</span> <span class='ocrx_word' id='word_1_131' title='bbox 305 1533 398 1565; x_wconf 85' lang='lat' dir='ltr'>docti</span> <span class='ocrx_word' id='word_1_132' title='bbox 418 1535 454 1564; x_wconf 87' lang='lat' dir='ltr'>in</span> <span class='ocrx_word' id='word_1_133' title='bbox 474 1534 572 1566; x_wconf 76' lang='lat' dir='ltr'>Misc.</span> <span class='ocrx_word' id='word_1_134' title='bbox 585 1533 687 1565; x_wconf 83' lang='lat' dir='ltr'>Obss.</span> <span class='ocrx_word' id='word_1_135' title='bbox 711 1535 785 1565; x_wconf 80' lang='lat' dir='ltr'>crit.</span> <span class='ocrx_word' id='word_1_136' title='bbox 806 1533 885 1567; x_wconf 82' lang='lat' dir='ltr'>Vol.</span> 
     </span>
     <span class='ocr_line' id='line_1_23' title="bbox 218 1590 571 1633; baseline -0.014 -8"><span class='ocrx_word' id='word_1_137' title='bbox 218 1591 260 1626; x_wconf 86' lang='lat' dir='ltr'>V.</span> <span class='ocrx_word' id='word_1_138' title='bbox 286 1592 327 1623; x_wconf 92' lang='lat' dir='ltr'>T.</span> <span class='ocrx_word' id='word_1_139' title='bbox 356 1591 401 1622; x_wconf 90' lang='lat' dir='ltr'>II.</span> <span class='ocrx_word' id='word_1_140' title='bbox 429 1602 463 1633; x_wconf 91' lang='lat' dir='ltr'>p.</span> <span class='ocrx_word' id='word_1_141' title='bbox 495 1590 571 1621; x_wconf 67' lang='grc'>268.</span> 
     </span>
     <span class='ocr_line' id='line_1_24' title="bbox 217 1647 554 1685; baseline -0.012 -3"><span class='ocrx_word' id='word_1_142' title='bbox 217 1649 381 1685; x_wconf 81' lang='lat' dir='ltr'>substitui</span> <span class='ocrx_word' id='word_1_143' title='bbox 401 1647 554 1680; x_wconf 80' lang='lat' dir='ltr'>diducis.</span> 
     </span>
     <span class='ocr_line' id='line_1_25' title="bbox 216 1704 577 1741; baseline -0.017 -1"><span class='ocrx_word' id='word_1_144' title='bbox 216 1707 357 1741; x_wconf 81' lang='lat' dir='ltr'>iecturis</span> <span class='ocrx_word' id='word_1_145' title='bbox 379 1717 410 1735; x_wconf 74' lang='lat' dir='ltr'>v.</span> <span class='ocrx_word' id='word_1_146' title='bbox 434 1704 577 1735; x_wconf 75' lang='lat' dir='ltr'>Excurs.</span> 
     </span>
     <span class='ocr_line' id='line_1_26' title="bbox 267 1760 881 1795; baseline -0.003 0"><span class='ocrx_word' id='word_1_147' title='bbox 267 1762 342 1795; x_wconf 78' lang='lat'>158.</span> <span class='ocrx_word' id='word_1_148' title='bbox 366 1760 512 1793; x_wconf 77' lang='lat' dir='ltr'>vehetur</span> <span class='ocrx_word' id='word_1_149' title='bbox 537 1771 589 1792; x_wconf 91' lang='lat'>10.</span> <span class='ocrx_word' id='word_1_150' title='bbox 605 1770 655 1791; x_wconf 90' lang='grc'>11.</span> <span class='ocrx_word' id='word_1_151' title='bbox 677 1760 729 1793; x_wconf 77' lang='lat'>14.</span> <span class='ocrx_word' id='word_1_152' title='bbox 755 1761 806 1794; x_wconf 91' lang='grc'>15.</span> <span class='ocrx_word' id='word_1_153' title='bbox 828 1772 881 1793; x_wconf 89' lang='grc'>22.</span> 
     </span>
     <span class='ocr_line' id='line_1_27' title="bbox 213 1816 884 1864; baseline -0.006 -11"><span class='ocrx_word' id='word_1_154' title='bbox 213 1832 271 1864; x_wconf 78' lang='lat'>27.</span> <span class='ocrx_word' id='word_1_155' title='bbox 294 1819 337 1851; x_wconf 71' lang='grc'>45</span> <span class='ocrx_word' id='word_1_156' title='bbox 352 1819 442 1850; x_wconf 85' lang='grc'>-50,</span> <span class='ocrx_word' id='word_1_157' title='bbox 472 1818 524 1849; x_wconf 78' lang='grc'>5-1.</span> <span class='ocrx_word' id='word_1_158' title='bbox 549 1817 603 1848; x_wconf 89' lang='grc'>55.</span> <span class='ocrx_word' id='word_1_159' title='bbox 626 1816 679 1848; x_wconf 73' lang='grc'>64.</span> <span class='ocrx_word' id='word_1_160' title='bbox 698 1817 752 1850; x_wconf 86' lang='grc'>68.</span> <span class='ocrx_word' id='word_1_161' title='bbox 779 1819 884 1849; x_wconf 86' lang='lat' dir='ltr'>multi</span> 
     </span>
     <span class='ocr_line' id='line_1_28' title="bbox 216 1873 883 1914; baseline -0.004 -5"><span class='ocrx_word' id='word_1_162' title='bbox 216 1876 322 1910; x_wconf 83' lang='lat' dir='ltr'>codd.</span> <span class='ocrx_word' id='word_1_163' title='bbox 346 1875 452 1907; x_wconf 84' lang='lat' dir='ltr'>Paris.</span> <span class='ocrx_word' id='word_1_164' title='bbox 472 1882 504 1905; x_wconf 87' lang='lat' dir='ltr'>et</span> <span class='ocrx_word' id='word_1_165' title='bbox 526 1875 762 1914; x_wconf 71' lang='lat' dir='ltr'>vetustusjviri</span> <span class='ocrx_word' id='word_1_166' title='bbox 789 1873 883 1906; x_wconf 84' lang='lat' dir='ltr'>docti</span> 
     </span>
     <span class='ocr_line' id='line_1_29' title="bbox 215 1930 882 1968; baseline -0.007 -1"><span class='ocrx_word' id='word_1_167' title='bbox 215 1937 255 1968; x_wconf 80' lang='lat' dir='ltr'>in</span> <span class='ocrx_word' id='word_1_168' title='bbox 274 1933 374 1965; x_wconf 84' lang='lat' dir='ltr'>Misc.</span> <span class='ocrx_word' id='word_1_169' title='bbox 397 1932 499 1963; x_wconf 84' lang='lat' dir='ltr'>obss.</span> <span class='ocrx_word' id='word_1_170' title='bbox 520 1933 595 1964; x_wconf 86' lang='lat' dir='ltr'>crit.</span> <span class='ocrx_word' id='word_1_171' title='bbox 622 1931 702 1962; x_wconf 82' lang='lat' dir='ltr'>Vol.</span> <span class='ocrx_word' id='word_1_172' title='bbox 716 1930 757 1962; x_wconf 86' lang='lat' dir='ltr'>V.</span> <span class='ocrx_word' id='word_1_173' title='bbox 779 1930 820 1961; x_wconf 87' lang='grc' dir='ltr'>Τ.</span> <span class='ocrx_word' id='word_1_174' title='bbox 838 1931 882 1962; x_wconf 93' lang='grc' dir='ltr'>Π.</span> 
     </span>
     <span class='ocr_line' id='line_1_30' title="bbox 213 1986 882 2036; baseline -0.004 -15"><span class='ocrx_word' id='word_1_175' title='bbox 213 2004 250 2036; x_wconf 75' lang='lat' dir='ltr'>p.</span> <span class='ocrx_word' id='word_1_176' title='bbox 263 1992 337 2023; x_wconf 53' lang='lat'>252</span> <span class='ocrx_word' id='word_1_177' title='bbox 365 1989 495 2020; x_wconf 83' lang='lat' dir='ltr'>Parum</span> <span class='ocrx_word' id='word_1_178' title='bbox 515 1986 785 2025; x_wconf 70' lang='lat' dir='ltr'>interest,modo</span> <span class='ocrx_word' id='word_1_179' title='bbox 800 1998 882 2018; x_wconf 84' lang='lat' dir='ltr'>mox</span> 
     </span>
    </p>
   </div>
   <div class='ocr_carea' id='block_1_9' title="bbox 602 1589 883 1681">
    <p class='ocr_par' dir='ltr' id='par_1_12' title="bbox 602 1589 883 1681">
     <span class='ocr_line' id='line_1_31' title="bbox 629 1589 883 1623; baseline 0.016 -3"><span class='ocrx_word' id='word_1_180' title='bbox 629 1589 695 1621; x_wconf 88' lang='lat' dir='ltr'>Pro</span> <span class='ocrx_word' id='word_1_181' title='bbox 723 1602 763 1621; x_wconf 84' lang='lat' dir='ltr'>eo</span> <span class='ocrx_word' id='word_1_182' title='bbox 790 1603 883 1623; x_wconf 85' lang='lat' dir='ltr'>nunc</span> 
     </span>
     <span class='ocr_line' id='line_1_32' title="bbox 602 1645 882 1681; baseline 0.014 -4"><span class='ocrx_word' id='word_1_183' title='bbox 602 1645 655 1677; x_wconf 87' lang='lat' dir='ltr'>De</span> <span class='ocrx_word' id='word_1_184' title='bbox 685 1648 763 1679; x_wconf 86' lang='lat' dir='ltr'>aliis</span> <span class='ocrx_word' id='word_1_185' title='bbox 794 1659 882 1681; x_wconf 88' lang='lat' dir='ltr'>con-</span> 
     </span>
    </p>
   </div>
   <div class='ocr_carea' id='block_1_10' title="bbox 201 2043 881 2773">
    <p class='ocr_par' dir='ltr' id='par_1_13' title="bbox 211 2043 881 2205">
     <span class='ocr_line' id='line_1_33' title="bbox 213 2043 879 2091; baseline -0.008 -12"><span class='ocrx_word' id='word_1_186' title='bbox 213 2048 410 2091; x_wconf 84' lang='lat' dir='ltr'>reposueris</span> <span class='ocrx_word' id='word_1_187' title='bbox 422 2044 604 2087; x_wconf 69' lang='lat' dir='ltr'>despiciet,</span> <span class='ocrx_word' id='word_1_188' title='bbox 626 2055 706 2083; x_wconf 84' lang='lat' dir='ltr'>non,</span> <span class='ocrx_word' id='word_1_189' title='bbox 730 2051 766 2075; x_wconf 85' lang='lat' dir='ltr'>ut</span> <span class='ocrx_word' id='word_1_190' title='bbox 779 2043 879 2074; x_wconf 87' lang='lat' dir='ltr'>Heu-</span> 
     </span>
     <span class='ocr_line' id='line_1_34' title="bbox 211 2099 881 2143; baseline -0.01 -5"><span class='ocrx_word' id='word_1_191' title='bbox 211 2106 329 2138; x_wconf 86' lang='lat' dir='ltr'>ninius</span> <span class='ocrx_word' id='word_1_192' title='bbox 347 2103 474 2143; x_wconf 85' lang='lat' dir='ltr'>aliique</span> <span class='ocrx_word' id='word_1_193' title='bbox 497 2100 656 2142; x_wconf 82' lang='lat' dir='ltr'>editores,</span> <span class='ocrx_word' id='word_1_194' title='bbox 674 2099 826 2132; x_wconf 73' lang='lat' dir='ltr'>vehatur</span> <span class='ocrx_word' id='word_1_195' title='bbox 847 2107 881 2132; x_wconf 87' lang='lat' dir='ltr'>et</span> 
     </span>
     <span class='ocr_line' id='line_1_35' title="bbox 212 2161 399 2205; baseline -0.021 -10"><span class='ocrx_word' id='word_1_196' title='bbox 212 2161 399 2205; x_wconf 78' lang='lat' dir='ltr'>despiciet.</span> 
     </span>
    </p>

    <p class='ocr_par' dir='ltr' id='par_1_14' title="bbox 213 2213 876 2486">
     <span class='ocr_line' id='line_1_36' title="bbox 263 2213 876 2262; baseline -0.011 -10"><span class='ocrx_word' id='word_1_197' title='bbox 263 2220 340 2262; x_wconf 75' lang='lat'>159.</span> <span class='ocrx_word' id='word_1_198' title='bbox 365 2215 545 2259; x_wconf 79' lang='lat' dir='ltr'>despiciat</span> <span class='ocrx_word' id='word_1_199' title='bbox 557 2226 609 2247; x_wconf 90' lang='lat'>10.</span> <span class='ocrx_word' id='word_1_200' title='bbox 625 2213 675 2246; x_wconf 78' lang='lat'>15.</span> <span class='ocrx_word' id='word_1_201' title='bbox 690 2224 742 2257; x_wconf 63' lang='lat'>17.</span> <span class='ocrx_word' id='word_1_202' title='bbox 755 2225 809 2246; x_wconf 86' lang='lat'>20.</span> <span class='ocrx_word' id='word_1_203' title='bbox 824 2223 876 2246; x_wconf 86' lang='grc'>21.</span> 
     </span>
     <span class='ocr_line' id='line_1_37' title="bbox 214 2270 875 2316; baseline -0.008 -7"><span class='ocrx_word' id='word_1_204' title='bbox 214 2275 271 2309; x_wconf 81' lang='lat'>25.</span> <span class='ocrx_word' id='word_1_205' title='bbox 283 2285 303 2307; x_wconf 83' lang='lat'>2</span> <span class='ocrx_word' id='word_1_206' title='bbox 313 2275 338 2306; x_wconf 68' lang='lat' dir='ltr'>i.</span> <span class='ocrx_word' id='word_1_207' title='bbox 351 2274 406 2306; x_wconf 75' lang='grc'>25.</span> <span class='ocrx_word' id='word_1_208' title='bbox 416 2271 470 2304; x_wconf 63' lang='grc'>45.</span> <span class='ocrx_word' id='word_1_209' title='bbox 487 2273 543 2316; x_wconf 62' lang='lat'>49.</span> <span class='ocrx_word' id='word_1_210' title='bbox 556 2273 610 2304; x_wconf 84' lang='lat'>50.</span> <span class='ocrx_word' id='word_1_211' title='bbox 622 2272 676 2304; x_wconf 83' lang='lat'>56.</span> <span class='ocrx_word' id='word_1_212' title='bbox 690 2272 742 2306; x_wconf 55' lang='grc' dir='ltr'>5έ.</span> <span class='ocrx_word' id='word_1_213' title='bbox 756 2270 809 2315; x_wconf 73' lang='grc'>50.</span> <span class='ocrx_word' id='word_1_214' title='bbox 822 2272 875 2304; x_wconf 74' lang='lat' dir='ltr'>Gn.</span> 
     </span>
     <span class='ocr_line' id='line_1_38' title="bbox 213 2324 875 2375; baseline -0.008 -11"><span class='ocrx_word' id='word_1_215' title='bbox 213 2332 257 2365; x_wconf 75' lang='lat'>64</span> <span class='ocrx_word' id='word_1_216' title='bbox 272 2324 296 2356; x_wconf 71' lang='lat'>-—&#39;</span> <span class='ocrx_word' id='word_1_217' title='bbox 308 2332 362 2375; x_wconf 64' lang='lat'>67.</span> <span class='ocrx_word' id='word_1_218' title='bbox 391 2341 444 2373; x_wconf 71' lang='lat'>71.</span> <span class='ocrx_word' id='word_1_219' title='bbox 463 2329 516 2372; x_wconf 65' lang='lat'>74.</span> <span class='ocrx_word' id='word_1_220' title='bbox 537 2337 570 2360; x_wconf 90' lang='lat' dir='ltr'>et</span> <span class='ocrx_word' id='word_1_221' title='bbox 583 2329 669 2359; x_wconf 81' lang='lat' dir='ltr'>alter</span> <span class='ocrx_word' id='word_1_222' title='bbox 688 2327 797 2360; x_wconf 84' lang='lat' dir='ltr'>codex</span> <span class='ocrx_word' id='word_1_223' title='bbox 812 2329 875 2359; x_wconf 62' lang='lat' dir='ltr'>xiri</span> 
     </span>
     <span class='ocr_line' id='line_1_39' title="bbox 213 2384 875 2426; baseline -0.006 -5"><span class='ocrx_word' id='word_1_224' title='bbox 213 2388 308 2421; x_wconf 76' lang='lat' dir='ltr'>docti</span> <span class='ocrx_word' id='word_1_225' title='bbox 326 2386 434 2420; x_wconf 84' lang='lat' dir='ltr'>modo</span> <span class='ocrx_word' id='word_1_226' title='bbox 454 2384 606 2417; x_wconf 78' lang='lat' dir='ltr'>laudati:</span> <span class='ocrx_word' id='word_1_227' title='bbox 631 2395 718 2426; x_wconf 90' lang='lat' dir='ltr'>quos</span> <span class='ocrx_word' id='word_1_228' title='bbox 738 2393 875 2417; x_wconf 83' lang='lat' dir='ltr'>secutus</span> 
     </span>
     <span class='ocr_line' id='line_1_40' title="bbox 213 2443 580 2486; baseline -0.016 -7"><span class='ocrx_word' id='word_1_229' title='bbox 213 2457 306 2479; x_wconf 81' lang='lat' dir='ltr'>sum.</span> <span class='ocrx_word' id='word_1_230' title='bbox 343 2444 516 2486; x_wconf 80' lang='lat' dir='ltr'>despiciet</span> <span class='ocrx_word' id='word_1_231' title='bbox 535 2443 580 2474; x_wconf 89' lang='lat' dir='ltr'>al.</span> 
     </span>
    </p>

    <p class='ocr_par' dir='ltr' id='par_1_15' title="bbox 211 2498 874 2592">
     <span class='ocr_line' id='line_1_41' title="bbox 261 2498 874 2544; baseline -0.003 -10"><span class='ocrx_word' id='word_1_232' title='bbox 261 2503 336 2534; x_wconf 77' lang='lat'>160.</span> <span class='ocrx_word' id='word_1_233' title='bbox 366 2501 492 2533; x_wconf 79' lang='lat' dir='ltr'>veniat</span> <span class='ocrx_word' id='word_1_234' title='bbox 512 2511 563 2542; x_wconf 86' lang='lat'>17.</span> <span class='ocrx_word' id='word_1_235' title='bbox 594 2498 647 2531; x_wconf 72' lang='grc'>25.</span> <span class='ocrx_word' id='word_1_236' title='bbox 667 2498 720 2532; x_wconf 89' lang='grc'>25.</span> <span class='ocrx_word' id='word_1_237' title='bbox 741 2499 798 2533; x_wconf 84' lang='grc'>46,</span> <span class='ocrx_word' id='word_1_238' title='bbox 817 2500 874 2544; x_wconf 80' lang='lat'>49.</span> 
     </span>
     <span class='ocr_line' id='line_1_42' title="bbox 211 2556 644 2592; baseline -0.012 0"><span class='ocrx_word' id='word_1_239' title='bbox 211 2558 268 2592; x_wconf 77' lang='lat'>54.</span> <span class='ocrx_word' id='word_1_240' title='bbox 279 2559 332 2591; x_wconf 86' lang='lat'>58.</span> <span class='ocrx_word' id='word_1_241' title='bbox 343 2559 397 2590; x_wconf 62' lang='lat'>64.</span> <span class='ocrx_word' id='word_1_242' title='bbox 418 2556 555 2590; x_wconf 78' lang='lat' dir='ltr'>venerit</span> <span class='ocrx_word' id='word_1_243' title='bbox 574 2557 644 2588; x_wconf 69' lang='lat'>24.-</span> 
     </span>
    </p>

    <p class='ocr_par' dir='ltr' id='par_1_16' title="bbox 201 2613 880 2773">
     <span class='ocr_line' id='line_1_43' title="bbox 263 2613 876 2657; baseline -0.005 -10"><span class='ocrx_word' id='word_1_244' title='bbox 263 2615 338 2647; x_wconf 83' lang='grc'>161.</span> <span class='ocrx_word' id='word_1_245' title='bbox 359 2626 479 2647; x_wconf 76' lang='lat' dir='ltr'>verum</span> <span class='ocrx_word' id='word_1_246' title='bbox 508 2613 642 2645; x_wconf 79' lang='lat' dir='ltr'>dixerit</span> <span class='ocrx_word' id='word_1_247' title='bbox 680 2625 711 2657; x_wconf 80' lang='lat'>7.</span> <span class='ocrx_word' id='word_1_248' title='bbox 740 2623 792 2645; x_wconf 83' lang='lat'>10.</span> <span class='ocrx_word' id='word_1_249' title='bbox 823 2621 876 2644; x_wconf 87' lang='grc'>11.</span> 
     </span>
     <span class='ocr_line' id='line_1_44' title="bbox 216 2670 878 2716; baseline -0.008 -10"><span class='ocrx_word' id='word_1_250' title='bbox 216 2672 257 2707; x_wconf 78' lang='grc'>14</span> <span class='ocrx_word' id='word_1_251' title='bbox 269 2691 290 2697; x_wconf 86' lang='grc'>-</span> <span class='ocrx_word' id='word_1_252' title='bbox 304 2683 356 2716; x_wconf 83' lang='grc'>17.</span> <span class='ocrx_word' id='word_1_253' title='bbox 386 2682 426 2716; x_wconf 81' lang='lat'>19</span> <span class='ocrx_word' id='word_1_254' title='bbox 437 2690 457 2696; x_wconf 91' lang='lat'>—</span> <span class='ocrx_word' id='word_1_255' title='bbox 469 2682 523 2703; x_wconf 82' lang='lat'>22.</span> <span class='ocrx_word' id='word_1_256' title='bbox 563 2672 616 2703; x_wconf 67' lang='lat'>24.</span> <span class='ocrx_word' id='word_1_257' title='bbox 654 2670 709 2702; x_wconf 82' lang='grc'>26.</span> <span class='ocrx_word' id='word_1_258' title='bbox 736 2670 779 2702; x_wconf 67' lang='grc'>-15</span> <span class='ocrx_word' id='word_1_259' title='bbox 790 2688 811 2694; x_wconf 87' lang='grc'>-</span> <span class='ocrx_word' id='word_1_260' title='bbox 823 2670 878 2701; x_wconf 66' lang='lat'>48.</span> 
     </span>
     <span class='ocr_line' id='line_1_45' title="bbox 201 2725 880 2773; baseline -0.001 -13"><span class='ocrx_word' id='word_1_261' title='bbox 201 2729 357 2763; x_wconf 60' lang='lat' dir='ltr'>..rso-55.</span> <span class='ocrx_word' id='word_1_262' title='bbox 386 2734 439 2773; x_wconf 65' lang='lat'>7³·</span> <span class='ocrx_word' id='word_1_263' title='bbox 466 2727 536 2761; x_wconf 76' lang='lat' dir='ltr'>80.v</span> <span class='ocrx_word' id='word_1_264' title='bbox 552 2735 586 2761; x_wconf 83' lang='lat' dir='ltr'>et</span> <span class='ocrx_word' id='word_1_265' title='bbox 602 2727 750 2771; x_wconf 78' lang='lat' dir='ltr'>quidam</span> <span class='ocrx_word' id='word_1_266' title='bbox 775 2725 880 2760; x_wconf 79' lang='lat' dir='ltr'>codd.</span> 
     </span>
    </p>
   </div>
   <div class='ocr_carea' id='block_1_11' title="bbox 858 979 1534 1037">
    <p class='ocr_par' dir='ltr' id='par_1_17' title="bbox 858 979 1534 1037">
     <span class='ocr_line' id='line_1_46' title="bbox 858 979 1534 1037; baseline 0.009 -17"><span class='ocrx_word' id='word_1_267' title='bbox 858 979 1034 1021; x_wconf 88' lang='lat' dir='ltr'>Tecum</span> <span class='ocrx_word' id='word_1_268' title='bbox 1060 980 1188 1037; x_wconf 86' lang='lat' dir='ltr'>prius</span> <span class='ocrx_word' id='word_1_269' title='bbox 1228 996 1334 1037; x_wconf 84' lang='lat' dir='ltr'>ergo</span> <span class='ocrx_word' id='word_1_270' title='bbox 1375 981 1534 1026; x_wconf 84' lang='lat' dir='ltr'>voluta</span> 
     </span>
    </p>
   </div>
   <div class='ocr_carea' id='block_1_12' title="bbox 927 1135 1633 2703">
    <p class='ocr_par' dir='ltr' id='par_1_18' title="bbox 928 1135 1614 1860">
     <span class='ocr_line' id='line_1_47' title="bbox 947 1135 1612 1179; baseline 0.005 -11"><span class='ocrx_word' id='word_1_271' title='bbox 947 1135 1054 1169; x_wconf 80' lang='lat' dir='ltr'>Paris.</span> <span class='ocrx_word' id='word_1_272' title='bbox 1082 1136 1178 1178; x_wconf 88' lang='lat' dir='ltr'>quod</span> <span class='ocrx_word' id='word_1_273' title='bbox 1195 1135 1353 1179; x_wconf 79' lang='lat' dir='ltr'>probavit</span> <span class='ocrx_word' id='word_1_274' title='bbox 1378 1145 1411 1169; x_wconf 84' lang='lat' dir='ltr'>et</span> <span class='ocrx_word' id='word_1_275' title='bbox 1432 1138 1525 1170; x_wconf 80' lang='lat' dir='ltr'>male</span> <span class='ocrx_word' id='word_1_276' title='bbox 1548 1149 1612 1172; x_wconf 87' lang='lat' dir='ltr'>ex-</span> 
     </span>
     <span class='ocr_line' id='line_1_48' title="bbox 945 1193 1613 1239; baseline 0.006 -15"><span class='ocrx_word' id='word_1_277' title='bbox 945 1195 1063 1235; x_wconf 84' lang='lat' dir='ltr'>posuit</span> <span class='ocrx_word' id='word_1_278' title='bbox 1081 1193 1164 1225; x_wconf 83' lang='lat' dir='ltr'>Brit.</span> <span class='ocrx_word' id='word_1_279' title='bbox 1185 1205 1303 1226; x_wconf 77' lang='lat' dir='ltr'>verum</span> <span class='ocrx_word' id='word_1_280' title='bbox 1324 1195 1387 1239; x_wconf 82' lang='lat' dir='ltr'>qui</span> <span class='ocrx_word' id='word_1_281' title='bbox 1405 1195 1539 1226; x_wconf 75' lang='lat' dir='ltr'>dixerit</span> <span class='ocrx_word' id='word_1_282' title='bbox 1556 1195 1613 1229; x_wconf 78' lang='grc'>25.</span> 
     </span>
     <span class='ocr_line' id='line_1_49' title="bbox 943 1249 1612 1295; baseline 0.001 -13"><span class='ocrx_word' id='word_1_283' title='bbox 943 1261 1062 1282; x_wconf 77' lang='lat' dir='ltr'>verum</span> <span class='ocrx_word' id='word_1_284' title='bbox 1087 1251 1149 1295; x_wconf 78' lang='lat' dir='ltr'>qui</span> <span class='ocrx_word' id='word_1_285' title='bbox 1167 1249 1316 1282; x_wconf 79' lang='lat' dir='ltr'>dixerat</span> <span class='ocrx_word' id='word_1_286' title='bbox 1336 1251 1395 1283; x_wconf 52' lang='lat'>16(</span> <span class='ocrx_word' id='word_1_287' title='bbox 1418 1251 1451 1283; x_wconf 73' lang='lat' dir='ltr'>si</span> <span class='ocrx_word' id='word_1_288' title='bbox 1468 1250 1612 1284; x_wconf 75' lang='lat' dir='ltr'>verbum</span> 
     </span>
     <span class='ocr_line' id='line_1_50' title="bbox 943 1305 1612 1340; baseline 0.003 -2"><span class='ocrx_word' id='word_1_289' title='bbox 943 1307 1077 1338; x_wconf 78' lang='lat' dir='ltr'>dixerit</span> <span class='ocrx_word' id='word_1_290' title='bbox 1094 1305 1233 1338; x_wconf 79' lang='lat' dir='ltr'>emend.</span> <span class='ocrx_word' id='word_1_291' title='bbox 1256 1306 1432 1339; x_wconf 82' lang='lat' dir='ltr'>Plathner.</span> <span class='ocrx_word' id='word_1_292' title='bbox 1458 1307 1612 1340; x_wconf 84' lang='lat' dir='ltr'>Praesti-</span> 
     </span>
     <span class='ocr_line' id='line_1_51' title="bbox 943 1362 1614 1408; baseline 0.006 -15"><span class='ocrx_word' id='word_1_293' title='bbox 943 1365 1058 1394; x_wconf 82' lang='lat' dir='ltr'>tisset:</span> <span class='ocrx_word' id='word_1_294' title='bbox 1085 1376 1190 1408; x_wconf 79' lang='lat' dir='ltr'>quum</span> <span class='ocrx_word' id='word_1_295' title='bbox 1209 1362 1352 1396; x_wconf 79' lang='lat' dir='ltr'>verbum</span> <span class='ocrx_word' id='word_1_296' title='bbox 1373 1365 1519 1396; x_wconf 72' lang='lat' dir='ltr'>dixeris.</span> <span class='ocrx_word' id='word_1_297' title='bbox 1541 1364 1614 1398; x_wconf 83' lang='lat' dir='ltr'>Sed</span> 
     </span>
     <span class='ocr_line' id='line_1_52' title="bbox 942 1420 1612 1461; baseline 0.007 -11"><span class='ocrx_word' id='word_1_298' title='bbox 942 1420 1127 1461; x_wconf 76' lang='lat' dir='ltr'>vulgatum</span> <span class='ocrx_word' id='word_1_299' title='bbox 1147 1421 1236 1452; x_wconf 83' lang='lat' dir='ltr'>bene</span> <span class='ocrx_word' id='word_1_300' title='bbox 1257 1420 1372 1453; x_wconf 82' lang='lat' dir='ltr'>habet.</span> <span class='ocrx_word' id='word_1_301' title='bbox 1421 1433 1451 1453; x_wconf 84' lang='lat' dir='ltr'>v.</span> <span class='ocrx_word' id='word_1_302' title='bbox 1470 1420 1612 1455; x_wconf 87' lang='lat' dir='ltr'>Comm.</span> 
     </span>
     <span class='ocr_line' id='line_1_53' title="bbox 942 1475 1611 1518; baseline 0.006 -11"><span class='ocrx_word' id='word_1_303' title='bbox 942 1494 988 1501; x_wconf 89' lang='lat'>-—-</span> <span class='ocrx_word' id='word_1_304' title='bbox 1018 1476 1101 1507; x_wconf 80' lang='lat' dir='ltr'>Mox</span> <span class='ocrx_word' id='word_1_305' title='bbox 1120 1475 1178 1509; x_wconf 73' lang='lat' dir='ltr'>hic</span> <span class='ocrx_word' id='word_1_306' title='bbox 1203 1479 1253 1509; x_wconf 76' lang='lat' dir='ltr'>’st</span> <span class='ocrx_word' id='word_1_307' title='bbox 1281 1479 1337 1509; x_wconf 70' lang='lat' dir='ltr'>vel</span> <span class='ocrx_word' id='word_1_308' title='bbox 1362 1476 1421 1509; x_wconf 79' lang='lat' dir='ltr'>hic</span> <span class='ocrx_word' id='word_1_309' title='bbox 1440 1484 1495 1518; x_wconf 71' lang='lat' dir='ltr'>st,</span> <span class='ocrx_word' id='word_1_310' title='bbox 1526 1479 1560 1510; x_wconf 90' lang='grc'>11.</span> <span class='ocrx_word' id='word_1_311' title='bbox 1580 1491 1611 1511; x_wconf 84' lang='lat' dir='ltr'>e.</span> 
     </span>
     <span class='ocr_line' id='line_1_54' title="bbox 943 1532 1612 1577; baseline 0.006 -13"><span class='ocrx_word' id='word_1_312' title='bbox 943 1532 998 1564; x_wconf 84' lang='lat' dir='ltr'>hic</span> <span class='ocrx_word' id='word_1_313' title='bbox 1020 1541 1106 1573; x_wconf 83' lang='lat' dir='ltr'>tace,</span> <span class='ocrx_word' id='word_1_314' title='bbox 1126 1534 1190 1565; x_wconf 87' lang='lat' dir='ltr'>nisi</span> <span class='ocrx_word' id='word_1_315' title='bbox 1208 1535 1320 1576; x_wconf 84' lang='lat' dir='ltr'>perire</span> <span class='ocrx_word' id='word_1_316' title='bbox 1342 1535 1438 1574; x_wconf 78' lang='lat' dir='ltr'>velis,</span> <span class='ocrx_word' id='word_1_317' title='bbox 1465 1538 1562 1577; x_wconf 82' lang='lat' dir='ltr'>(narn</span> <span class='ocrx_word' id='word_1_318' title='bbox 1573 1541 1612 1568; x_wconf 75' lang='lat' dir='ltr'>st</span> 
     </span>
     <span class='ocr_line' id='line_1_55' title="bbox 941 1590 1611 1634; baseline 0.004 -13"><span class='ocrx_word' id='word_1_319' title='bbox 941 1590 1073 1621; x_wconf 85' lang='lat' dir='ltr'>silentii</span> <span class='ocrx_word' id='word_1_320' title='bbox 1095 1598 1176 1621; x_wconf 88' lang='lat' dir='ltr'>nota</span> <span class='ocrx_word' id='word_1_321' title='bbox 1195 1591 1264 1633; x_wconf 85' lang='lat' dir='ltr'>est)</span> <span class='ocrx_word' id='word_1_322' title='bbox 1293 1602 1380 1623; x_wconf 82' lang='lat' dir='ltr'>corr.</span> <span class='ocrx_word' id='word_1_323' title='bbox 1405 1591 1611 1634; x_wconf 81' lang='lat' dir='ltr'>Lambinus,</span> 
     </span>
     <span class='ocr_line' id='line_1_56' title="bbox 940 1645 1611 1690; baseline 0.006 -13"><span class='ocrx_word' id='word_1_324' title='bbox 940 1645 1110 1688; x_wconf 78' lang='lat' dir='ltr'>Lubinus‚</span> <span class='ocrx_word' id='word_1_325' title='bbox 1121 1645 1288 1679; x_wconf 79' lang='lat' dir='ltr'>Graevius</span> <span class='ocrx_word' id='word_1_326' title='bbox 1305 1656 1338 1678; x_wconf 88' lang='lat' dir='ltr'>et</span> <span class='ocrx_word' id='word_1_327' title='bbox 1349 1648 1468 1679; x_wconf 80' lang='lat' dir='ltr'>Heius.</span> <span class='ocrx_word' id='word_1_328' title='bbox 1495 1646 1611 1690; x_wconf 82' lang='lat' dir='ltr'><strong><em>Quum</em></strong></span> 
     </span>
     <span class='ocr_line' id='line_1_57' title="bbox 938 1703 1610 1748; baseline 0.001 -13"><span class='ocrx_word' id='word_1_329' title='bbox 938 1704 1059 1735; x_wconf 74' lang='lat' dir='ltr'>veniet</span> <span class='ocrx_word' id='word_1_330' title='bbox 1089 1710 1240 1744; x_wconf 86' lang='lat' dir='ltr'>contra,</span> <span class='ocrx_word' id='word_1_331' title='bbox 1276 1703 1335 1735; x_wconf 79' lang='lat' dir='ltr'>st!</span> <span class='ocrx_word' id='word_1_332' title='bbox 1366 1703 1490 1748; x_wconf 77' lang='lat' dir='ltr'>digito</span> <span class='ocrx_word' id='word_1_333' title='bbox 1509 1716 1610 1736; x_wconf 88' lang='lat' dir='ltr'>corn-</span> 
     </span>
     <span class='ocr_line' id='line_1_58' title="bbox 928 1759 1610 1803; baseline 0.004 -12"><span class='ocrx_word' id='word_1_334' title='bbox 928 1770 1040 1803; x_wconf 74' lang='lat' dir='ltr'>pesce</span> <span class='ocrx_word' id='word_1_335' title='bbox 1070 1759 1238 1792; x_wconf 74' lang='lat' dir='ltr'>labellum</span> <span class='ocrx_word' id='word_1_336' title='bbox 1279 1769 1344 1792; x_wconf 89' lang='lat' dir='ltr'>cet.</span> <span class='ocrx_word' id='word_1_337' title='bbox 1372 1762 1463 1792; x_wconf 87' lang='lat' dir='ltr'>coni.</span> <span class='ocrx_word' id='word_1_338' title='bbox 1490 1760 1610 1794; x_wconf 80' lang='lat' dir='ltr'>Burm-</span> 
     </span>
     <span class='ocr_line' id='line_1_59' title="bbox 943 1816 1608 1860; baseline 0.005 -12"><span class='ocrx_word' id='word_1_339' title='bbox 943 1816 1019 1849; x_wconf 87' lang='lat' dir='ltr'>See.</span> <span class='ocrx_word' id='word_1_340' title='bbox 1041 1816 1084 1848; x_wconf 90' lang='lat' dir='ltr'>ad</span> <span class='ocrx_word' id='word_1_341' title='bbox 1103 1817 1248 1848; x_wconf 83' lang='lat' dir='ltr'>Anthol.</span> <span class='ocrx_word' id='word_1_342' title='bbox 1272 1817 1349 1850; x_wconf 86' lang='lat' dir='ltr'>T.1.</span> <span class='ocrx_word' id='word_1_343' title='bbox 1372 1818 1396 1848; x_wconf 94' lang='lat' dir='ltr'>l.</span> <span class='ocrx_word' id='word_1_344' title='bbox 1415 1816 1447 1848; x_wconf 78' lang='grc'>5.</span> <span class='ocrx_word' id='word_1_345' title='bbox 1467 1829 1519 1860; x_wconf 86' lang='lat' dir='ltr'>ep.</span> <span class='ocrx_word' id='word_1_346' title='bbox 1533 1817 1608 1851; x_wconf 70' lang='grc'>188.</span> 
     </span>
    </p>

    <p class='ocr_par' dir='ltr' id='par_1_19' title="bbox 931 1873 1633 2529">
     <span class='ocr_line' id='line_1_60' title="bbox 995 1873 1610 1907; baseline 0.002 -1"><span class='ocrx_word' id='word_1_347' title='bbox 995 1874 1071 1906; x_wconf 88' lang='grc'>162.</span> <span class='ocrx_word' id='word_1_348' title='bbox 1099 1873 1251 1905; x_wconf 81' lang='lat' dir='ltr'>Aenean</span> <span class='ocrx_word' id='word_1_349' title='bbox 1271 1873 1488 1905; x_wconf 86' lang='lat' dir='ltr'>Graecorum</span> <span class='ocrx_word' id='word_1_350' title='bbox 1507 1885 1610 1907; x_wconf 88' lang='lat' dir='ltr'>more</span> 
     </span>
     <span class='ocr_line' id='line_1_61' title="bbox 940 1928 1608 1972; baseline 0.001 -11"><span class='ocrx_word' id='word_1_351' title='bbox 940 1928 1171 1961; x_wconf 79' lang='lat' dir='ltr'>scribendum</span> <span class='ocrx_word' id='word_1_352' title='bbox 1189 1929 1326 1961; x_wconf 68' lang='lat' dir='ltr'>videtur</span> <span class='ocrx_word' id='word_1_353' title='bbox 1345 1941 1409 1972; x_wconf 91' lang='lat' dir='ltr'>pro</span> <span class='ocrx_word' id='word_1_354' title='bbox 1431 1929 1608 1972; x_wconf 83' lang='lat' dir='ltr'>Aeneam,</span> 
     </span>
     <span class='ocr_line' id='line_1_62' title="bbox 939 1985 1607 2031; baseline 0 -13"><span class='ocrx_word' id='word_1_355' title='bbox 939 1994 976 2018; x_wconf 85' lang='lat' dir='ltr'>nt</span> <span class='ocrx_word' id='word_1_356' title='bbox 997 1985 1058 2025; x_wconf 86' lang='grc' dir='ltr'><strong>ΙΙΙ,</strong></span> <span class='ocrx_word' id='word_1_357' title='bbox 1077 1986 1108 2017; x_wconf 87' lang='grc'>5.</span> <span class='ocrx_word' id='word_1_358' title='bbox 1127 1985 1335 2029; x_wconf 80' lang='lat' dir='ltr'>Prochyten</span> <span class='ocrx_word' id='word_1_359' title='bbox 1352 1997 1415 2028; x_wconf 90' lang='lat' dir='ltr'>pro</span> <span class='ocrx_word' id='word_1_360' title='bbox 1439 1986 1607 2031; x_wconf 74' lang='lat' dir='ltr'>Prochy—</span> 
     </span>
     <span class='ocr_line' id='line_1_63' title="bbox 938 2042 1607 2086; baseline 0.003 -13"><span class='ocrx_word' id='word_1_361' title='bbox 938 2048 1025 2073; x_wconf 81' lang='lat' dir='ltr'>tam.</span> <span class='ocrx_word' id='word_1_362' title='bbox 1053 2055 1083 2074; x_wconf 70' lang='lat' dir='ltr'>v.</span> <span class='ocrx_word' id='word_1_363' title='bbox 1102 2042 1221 2074; x_wconf 82' lang='lat' dir='ltr'>Heius.</span> <span class='ocrx_word' id='word_1_364' title='bbox 1245 2042 1289 2074; x_wconf 84' lang='lat' dir='ltr'>ad</span> <span class='ocrx_word' id='word_1_365' title='bbox 1311 2042 1415 2074; x_wconf 76' lang='lat' dir='ltr'>Ovid.</span> <span class='ocrx_word' id='word_1_366' title='bbox 1437 2042 1501 2086; x_wconf 91' lang='lat' dir='ltr'>Ep.</span> <span class='ocrx_word' id='word_1_367' title='bbox 1523 2044 1607 2076; x_wconf 86' lang='lat' dir='ltr'>Her.</span> 
     </span>
     <span class='ocr_line' id='line_1_64' title="bbox 934 2097 1606 2140; baseline 0.003 -9"><span class='ocrx_word' id='word_1_368' title='bbox 934 2099 1011 2140; x_wconf 73' lang='lat' dir='ltr'>VII,</span> <span class='ocrx_word' id='word_1_369' title='bbox 1039 2100 1094 2132; x_wconf 79' lang='lat'>26.</span> <span class='ocrx_word' id='word_1_370' title='bbox 1115 2107 1148 2131; x_wconf 88' lang='lat' dir='ltr'>et</span> <span class='ocrx_word' id='word_1_371' title='bbox 1164 2097 1272 2131; x_wconf 87' lang='lat' dir='ltr'>Drak.</span> <span class='ocrx_word' id='word_1_372' title='bbox 1305 2099 1348 2130; x_wconf 91' lang='lat' dir='ltr'>ad</span> <span class='ocrx_word' id='word_1_373' title='bbox 1367 2099 1431 2131; x_wconf 87' lang='lat' dir='ltr'>Sil.</span> <span class='ocrx_word' id='word_1_374' title='bbox 1449 2099 1493 2140; x_wconf 87' lang='lat' dir='ltr'>H,</span> <span class='ocrx_word' id='word_1_375' title='bbox 1532 2100 1606 2133; x_wconf 57' lang='lat'>415.</span> 
     </span>
     <span class='ocr_line' id='line_1_65' title="bbox 935 2155 1606 2189; baseline 0.003 -2"><span class='ocrx_word' id='word_1_376' title='bbox 935 2155 1035 2188; x_wconf 81' lang='lat' dir='ltr'>Talia</span> <span class='ocrx_word' id='word_1_377' title='bbox 1075 2164 1192 2188; x_wconf 86' lang='lat' dir='ltr'>tamen</span> <span class='ocrx_word' id='word_1_378' title='bbox 1246 2167 1317 2188; x_wconf 87' lang='lat' dir='ltr'>nou</span> <span class='ocrx_word' id='word_1_379' title='bbox 1362 2155 1606 2189; x_wconf 77' lang='lat' dir='ltr'>addicentibus</span> 
     </span>
     <span class='ocr_line' id='line_1_66' title="bbox 936 2211 1606 2255; baseline -0.001 -10"><span class='ocrx_word' id='word_1_380' title='bbox 936 2212 1039 2245; x_wconf 87' lang='lat' dir='ltr'>codd.</span> <span class='ocrx_word' id='word_1_381' title='bbox 1067 2212 1173 2255; x_wconf 86' lang='lat' dir='ltr'>(quos</span> <span class='ocrx_word' id='word_1_382' title='bbox 1202 2226 1296 2246; x_wconf 84' lang='lat' dir='ltr'>nunc</span> <span class='ocrx_word' id='word_1_383' title='bbox 1325 2212 1389 2246; x_wconf 84' lang='lat' dir='ltr'>inf.</span> <span class='ocrx_word' id='word_1_384' title='bbox 1408 2212 1502 2250; x_wconf 88' lang='lat' dir='ltr'>VIII,</span> <span class='ocrx_word' id='word_1_385' title='bbox 1529 2211 1606 2244; x_wconf 80' lang='grc'>115.</span> 
     </span>
     <span class='ocr_line' id='line_1_67' title="bbox 933 2268 1605 2313; baseline -0.006 -11"><span class='ocrx_word' id='word_1_386' title='bbox 933 2281 1010 2313; x_wconf 63' lang='grc'>229.</span> <span class='ocrx_word' id='word_1_387' title='bbox 1027 2277 1060 2301; x_wconf 88' lang='lat' dir='ltr'>et</span> <span class='ocrx_word' id='word_1_388' title='bbox 1083 2270 1127 2300; x_wconf 83' lang='lat' dir='ltr'>al.</span> <span class='ocrx_word' id='word_1_389' title='bbox 1153 2279 1290 2303; x_wconf 83' lang='lat' dir='ltr'>secutus</span> <span class='ocrx_word' id='word_1_390' title='bbox 1318 2269 1418 2312; x_wconf 71' lang='lat' dir='ltr'>sum)</span> <span class='ocrx_word' id='word_1_391' title='bbox 1446 2268 1605 2310; x_wconf 68' lang='lat' dir='ltr'>recipere</span> 
     </span>
     <span class='ocr_line' id='line_1_68' title="bbox 931 2314 1604 2369; baseline 0 -11"><span class='ocrx_word' id='word_1_392' title='bbox 931 2328 1056 2368; x_wconf 82' lang='lat' dir='ltr'>religio</span> <span class='ocrx_word' id='word_1_393' title='bbox 1080 2326 1168 2358; x_wconf 87' lang='lat' dir='ltr'>mihi</span> <span class='ocrx_word' id='word_1_394' title='bbox 1188 2327 1265 2367; x_wconf 84' lang='lat' dir='ltr'>fuit,</span> <span class='ocrx_word' id='word_1_395' title='bbox 1290 2314 1361 2358; x_wconf 45' lang='lat' dir='ltr'>etsi*</span> <span class='ocrx_word' id='word_1_396' title='bbox 1376 2336 1447 2358; x_wconf 91' lang='lat' dir='ltr'>non</span> <span class='ocrx_word' id='word_1_397' title='bbox 1466 2327 1604 2369; x_wconf 80' lang='lat' dir='ltr'>ignoro,</span> 
     </span>
     <span class='ocr_line' id='line_1_69' title="bbox 931 2379 1633 2426; baseline 0.003 -13"><span class='ocrx_word' id='word_1_398' title='bbox 931 2391 1072 2426; x_wconf 81' lang='lat' dir='ltr'>poetam</span> <span class='ocrx_word' id='word_1_399' title='bbox 1103 2392 1262 2415; x_wconf 82' lang='lat' dir='ltr'>nostrum</span> <span class='ocrx_word' id='word_1_400' title='bbox 1290 2385 1411 2415; x_wconf 84' lang='lat' dir='ltr'>sectari</span> <span class='ocrx_word' id='word_1_401' title='bbox 1446 2383 1603 2416; x_wconf 69' lang='lat' dir='ltr'>doctiora</span> <span class='ocrx_word' id='word_1_402' title='bbox 1624 2379 1633 2386; x_wconf 62' lang='lat'><strong><em>⁵</em></strong></span> 
     </span>
     <span class='ocr_line' id='line_1_70' title="bbox 932 2440 1601 2474; baseline 0.004 -4"><span class='ocrx_word' id='word_1_403' title='bbox 932 2448 966 2471; x_wconf 86' lang='lat' dir='ltr'>et</span> <span class='ocrx_word' id='word_1_404' title='bbox 1000 2451 1058 2471; x_wconf 86' lang='lat' dir='ltr'>me</span> <span class='ocrx_word' id='word_1_405' title='bbox 1086 2441 1337 2474; x_wconf 85' lang='lat' dir='ltr'>inconstantiae</span> <span class='ocrx_word' id='word_1_406' title='bbox 1375 2442 1526 2474; x_wconf 80' lang='lat' dir='ltr'>accusari</span> <span class='ocrx_word' id='word_1_407' title='bbox 1555 2440 1601 2474; x_wconf 78' lang='lat' dir='ltr'>ab</span> 
     </span>
     <span class='ocr_line' id='line_1_71' title="bbox 931 2497 1034 2529; baseline 0 0"><span class='ocrx_word' id='word_1_408' title='bbox 931 2497 1034 2529; x_wconf 74' lang='lat' dir='ltr'>Heia.</span> 
     </span>
    </p>

    <p class='ocr_par' dir='ltr' id='par_1_20' title="bbox 927 2554 1598 2703">
     <span class='ocr_line' id='line_1_72' title="bbox 980 2554 1215 2597; baseline 0 -11"><span class='ocrx_word' id='word_1_409' title='bbox 980 2556 1055 2587; x_wconf 79' lang='grc'>161.</span> <span class='ocrx_word' id='word_1_410' title='bbox 1079 2554 1130 2586; x_wconf 82' lang='lat' dir='ltr'>Et</span> <span class='ocrx_word' id='word_1_411' title='bbox 1163 2565 1215 2597; x_wconf 72' lang='lat'>19·</span> 
     </span>
     <span class='ocr_line' id='line_1_73' title="bbox 927 2608 1598 2653; baseline -0.001 -10"><span class='ocrx_word' id='word_1_412' title='bbox 927 2622 930 2625; x_wconf 91' lang='lat'>·</span> <span class='ocrx_word' id='word_1_413' title='bbox 983 2610 1058 2643; x_wconf 78' lang='grc'>168.</span> <span class='ocrx_word' id='word_1_414' title='bbox 1082 2612 1138 2643; x_wconf 84' lang='lat' dir='ltr'>ira</span> <span class='ocrx_word' id='word_1_415' title='bbox 1164 2622 1214 2642; x_wconf 88' lang='lat'>11.</span> <span class='ocrx_word' id='word_1_416' title='bbox 1247 2620 1285 2642; x_wconf 82' lang='lat'>21</span> <span class='ocrx_word' id='word_1_417' title='bbox 1308 2620 1390 2642; x_wconf 83' lang='lat' dir='ltr'>am.</span> <span class='ocrx_word' id='word_1_418' title='bbox 1410 2608 1598 2653; x_wconf 78' lang='lat' dir='ltr'>pr.·etdu0</span> 
     </span>
     <span class='ocr_line' id='line_1_74' title="bbox 935 2666 1598 2703; baseline 0.002 -4"><span class='ocrx_word' id='word_1_419' title='bbox 935 2666 1036 2700; x_wconf 90' lang='lat' dir='ltr'>codd.</span> <span class='ocrx_word' id='word_1_420' title='bbox 1048 2669 1201 2700; x_wconf 84' lang='lat' dir='ltr'>mss.viri</span> <span class='ocrx_word' id='word_1_421' title='bbox 1216 2666 1309 2698; x_wconf 84' lang='lat' dir='ltr'>docti</span> <span class='ocrx_word' id='word_1_422' title='bbox 1331 2668 1367 2698; x_wconf 88' lang='lat' dir='ltr'>in</span> <span class='ocrx_word' id='word_1_423' title='bbox 1384 2666 1598 2703; x_wconf 56' lang='lat' dir='ltr'>Musa—Olm-</span> 
     </span>
    </p>
   </div>
   <div class='ocr_carea' id='block_1_13' title="bbox 935 2724 1430 2770">
    <p class='ocr_par' dir='ltr' id='par_1_21' title="bbox 935 2724 1430 2770">
     <span class='ocr_line' id='line_1_75' title="bbox 935 2724 1430 2770; baseline -0.01 -7"><span class='ocrx_word' id='word_1_424' title='bbox 935 2727 1011 2763; x_wconf 80' lang='lat' dir='ltr'>crit.</span> <span class='ocrx_word' id='word_1_425' title='bbox 1027 2725 1108 2762; x_wconf 82' lang='lat' dir='ltr'>Vol.</span> <span class='ocrx_word' id='word_1_426' title='bbox 1123 2724 1165 2761; x_wconf 85' lang='lat' dir='ltr'>V.</span> <span class='ocrx_word' id='word_1_427' title='bbox 1186 2724 1284 2760; x_wconf 75' lang='lat' dir='ltr'><em>&#39;LLL</em></span> <span class='ocrx_word' id='word_1_428' title='bbox 1301 2735 1337 2769; x_wconf 77' lang='lat' dir='ltr'>p·</span> <span class='ocrx_word' id='word_1_429' title='bbox 1350 2725 1430 2770; x_wconf 82' lang='lat'>267.</span> 
     </span>
    </p>
   </div>
  </div>
 </body>
</html>
