1759 3029
549 196 894 239 SATIRA
963 198 1109 240 XIII.

1445 199 1527 256 249

141 314 395 360 Credebant
428 311 518 358 ho'c
549 315 719 373 grande
757 313 883 358 nefas
920 323 967 358 et
999 323 1151 358 morte
1195 315 1429 374 piandum,

140 384 187 425 Si
223 387 395 427 iuvenis
429 384 586 426 vetulo
625 400 722 427 non
753 385 1078 427 adsurrexerat
1122 392 1167 425 et
1201 388 1239 425 si

1463 377 1530 427 55

139 450 332 494 Barbato
369 455 636 508 cuicumque
666 468 806 512 puer,
848 453 956 494 licet
998 455 1096 509 ipse
1134 453 1308 494 videret

140 519 279 562 Plura
313 520 438 561 domi
468 520 597 577 fraga
627 530 672 563 et
711 525 904 563 maiores
941 520 1119 577 glandis
1160 534 1359 562 acerVOS.

139 587 258 631 Tam
292 590 547 632 venerabile
583 597 703 643 erat,
734 590 1006 647 praeoedere
1050 596 1248 645 quatuor
1287 590 1434 642 annis,

102 650 114 654 “
138 654 383 713 Primaque
418 672 503 715 par
538 659 649 700 adeo
683 674 832 700 sacrae
873 658 1042 714 lanugo
1080 656 1308 699 senectae!

143 724 304 777 Nunc,
347 728 385 766 si
414 726 674 784 depositum
708 741 804 769 non
836 726 1062 768 infitietur
1101 729 1286 778 amicus,

1466 723 1530 767 60

139 792 188 833 Si
221 794 381 835 reddat
412 802 613 838 veterem
649 810 752 837 cum
788 802 886 836 tota
920 798 1136 851 aerugine
1173 793 1352 846 follem,

141 859 406 917 Prodigiosa
443 861 553 905 fides
593 871 639 906 et
676 862 837 905 Tuscis
867 864 1002 919 digna
1038 863 1222 915 libellis,

143 928 359 984 Quaeque
388 939 608 973 coronata
641 932 831 975 lustrari
864 932 1022 973 debeat
1055 946 1180 989 agua.

141 995 390 1054 Egregium
424 1008 722 1057 sanctumque
758 1004 910 1043 virum
948 1003 986 1041 si
1020 1015 1158 1042 cerno
1179 1034 1189 1053 ,
1226 998 1467 1043 bimembri

143 1064 246 1108 Hoc
273 1076 535 1110 monstrum
563 1083 710 1126 puero
749 1076 828 1112 aut
862 1072 1051 1111 miranti
1093 1068 1175 1110 sub
1213 1076 1365 1111 aratro

193 1208 248 1243 54.
273 1210 372 1259 quod
398 1222 462 1255 pro
492 1211 560 1244 hoc
597 1212 648 1246 13.
678 1223 728 1256 17.
752 1222 807 1257 19.

146 1278 203 1301 20.
223 1278 277 1299 21.
297 1267 351 1300 23.
369 1269 424 1302 24.
446 1280 500 1313 27.
518 1267 575 1302 45.
597 1271 654 1314 49.
675 1270 730 1302 54.
750 1268 808 1302 55.

1469 1071 1536 1115 65

911 1212 965 1246 61.
996 1217 1134 1244 veteres
1153 1210 1320 1256 —fblles
1353 1223 1409 1245 21.

911 1270 967 1303 62.
998 1267 1145 1300 tabellis
1181 1279 1233 1300 ιω.
1257 1269 1309 1300 16.
1333 1280 1388 1301 2ο.
1409 1269 1540 1314 23--27.⁴

147 1333 182 1356 et
201 1323 353 1357 XXXIII
372 1325 474 1359 codd.
495 1325 602 1359 Paris.
647 1325 689 1358 Id
706 1337 808 1358 rece-
864 1324 1007 1361 45-48.
1029 1326 1082 1357 ἑο.
1106 1323 1148 1357 56
1161 1324 1244 1369 -59,
1267 1326 1310 1359 64
1323 1345 1344 1352 —·
1357 1326 1537 1371 67.etXl1

147 1383 201 1426 pit
218 1381 304 1415 Aah.
352 1393 493 1428 quoque
508 1394 572 1426 pro
593 1382 662 1415 hoe
684 1393 739 1417 22.

194 1439 249 1471 55.
283 1438 530 1472 adsurrexerit
553 1451 607 1473 21.
626 1451 680 1473 22.
701 1441 755 1474 24.

195 1494 249 1529 56.
281 1497 492 1544 quicumque
521 1507 560 1530 21
589 1510 608 1531 a
628 1510 675 1532 m.
694 1510 748 1543 pr.
767 1515 812 1524 —-

145 1554 215 1588 ille
230 1566 286 1588 22.

180 1610 251 1656 157.
274 1610 398 1657 ftaga
433 1622 462 1643 1.
496 1611 549 1643 14.
570 1610 623 1643 18.
649 1622 688 1644 21
725 1623 744 1642 a
764 1622 815 1643 m.

149 1682 203 1714 pr.
224 1669 278 1702 25.
297 1669 352 1701 2¹⁴.
371 1667 428 1700 48.
451 1666 506 1712 59.
533 1679 587 1711 70.
608 1668 661 1711 75.
682 1668 736 1711 76.
760 1680 813 1711 77.

152 1735 187 1759 et
223 1724 369 1768 quidam
397 1724 502 1757 codd.
544 1724 651 1756 Paris.
689 1726 725 1757 in
762 1725 814 1756 his

152 1782 253 1816 Alex.
303 1792 394 1813 arva
414 1782 458 1813 44
478 1782 514 1813 b.
535 1781 591 1814 85.
610 1779 666 1813 84.
702 1780 817 1826 farra

159 1839 302 1873 10-15.
331 1837 383 1871 15.
415 1836 466 1870 16.
490 1849 542 1881 17.
566 1849 617 1882 19.
646 1849 699 1870 20.
732 1849 770 1870 21
799 1851 818 1871 a

154 1911 204 1931 m.
226 1909 293 1930 sec.
315 1907 370 1930 22.
394 1894 448 1928 25.
468 1894 522 1927 26.
541 1906 595 1937 27.
617 1895 672 1927 215.
690 1892 746 1927 46.
763 1895 820 1940 47.

157 1956 212 2000 49.
227 1956 280 1988 50.
298 1953 342 1986 54
355 1971 376 1978 -
393 1950 449 1984 58.
469 1951 542 1984 60-
555 1952 608 1996 69.
631 1964 668 1995 7¹
681 1953 767 1996 -74.
786 1962 821 1986 et

157 2013 323 2056 plerique
356 2007 459 2042 codd.
487 2009 594 2042 Paris.
620 2009 721 2052 prob.
743 2009 821 2042 Au..

157 2077 304 2109 tumn0‚
342 2068 422 2109 quia
440 2064 642 2111 fragorum
671 2077 824 2099 acervus

158 2124 325 2158 custodiri
346 2134 416 2156 nou
436 2124 561 2166 possit;
579 2121 637 2166 (Ξ)
665 2135 730 2155 nec
748 2125 822 2155 im-

157 2182 259 2226 prob.
277 2181 426 2214 Fal-nab.
453 2180 548 2224 quod
567 2180 741 2213 Iuvenalis
761 2193 822 2213 re-

158 2240 307 2281 spexisse
315 2237 473 2270 videatur
483 2235 588 2269 Ovid.
600 2238 732 2279 Met.V,
750 2239 823 2271 151.

165 2294 236 2326 Sed
266 2307 369 2327 aurea
396 2302 508 2326 aetate
547 2293 709 2326 homines
740 2296 825 2327 solis

165 2351 331 2384 arborum
360 2350 537 2384 fructibus
569 2359 673 2393 atque
708 2352 826 2384 herbis

164 2407 356 2450 victitasse,
387 2410 459 2441 iam
489 2410 549 2441 alii
577 2421 758 2443 monuere.
781 2428 828 2436 —-

165 2464 316 2496 maioris
345 2466 396 2498 15.
421 2477 473 2509 17.

212 2509 274 2564 59.
281 2531 374 2564 pars
388 2522 543 2564 quidam,
555 2523 681 2565 probb.
691 2522 828 2555 Ascen-

165 2579 217 2609 ⁸10
236 2586 270 2609 et
291 2577 442 2618 Lubiuo,
469 2587 508 2611 ut
525 2591 642 2613 seusus
666 2581 728 2612 sit:
756 2587 830 2611 tam

166 2633 375 2666 venerabilis
421 2643 494 2668 erat
539 2638 669 2679 lanugo
684 2662 694 2678 ,
744 2647 831 2678 quae

167 2692 281 2733 prima
302 2700 351 2723 est
368 2703 447 2733 pars
465 2693 522 2724 vel
553 2694 696 2727 initium
727 2704 832 2726 sene-

171 2757 255 2780 ctae.

865 1383 969 1417 MSS.
992 1383 1099 1415 Paris.

913 1441 968 1474 65.
996 1438 1215 1473 coronanda
1243 1450 1293 1483 ¹9·

915 1497 972 1532 65.
1005 1497 1054 1530 Ut
1079 1509 1130 1539 17.
1149 1507 1204 1529 21.
1222 1495 1278 1540 49.
1307 1494 1362 1527 55.
1392 1503 1426 1528 et
1460 1494 1542 1530 cod.

870 1555 1018 1599 quidam
1046 1553 1138 1587 Pith.
1168 1571 1215 1576 —
1242 1558 1310 1584 aut
1339 1554 1476 1585 restitui
1498 1564 1541 1586 ex

874 1623 927 1645 11.
949 1610 1001 1644 15.
1016 1611 1072 1642 23.
1105 1614 1142 1641 et
1165 1620 1216 1641 10.
1241 1621 1291 1642 12.
1318 1608 1371 1643 16.
1398 1621 1450 1653 17.
1474 1622 1539 1654 19-

871 1680 927 1702 22.
956 1679 999 1700 21
1017 1678 1106 1710 -27.
1130 1665 1273 1699 45-50.
1302 1665 1442 1710 54-69.
1474 1678 1540 1710 71-

873 1725 928 1770 74.
976 1722 1036 1756 vel
1065 1723 1117 1755 14.
1151 1722 1201 1754 18.
1235 1734 1288 1765 70.
1321 1724 1374 1765 75.
1405 1724 1460 1766 76.
1487 1736 1542 1768 77.

874 1781 930 1814 82.
978 1778 1081 1812 Haud
1112 1778 1219 1810 dubie
1252 1778 1289 1810 id
1311 1780 1544 1814 substitutum

875 1838 918 1869 ab
943 1839 1005 1877 iis,
1031 1836 1092 1878 qui
1112 1835 1269 1876 hiatum,
1303 1836 1459 1870 Iuvenali
1486 1838 1545 1870 fa-

875 1895 1079 1934 miliarem,
1104 1904 1175 1924 non
1208 1894 1484 1934 concoquebant.
1511 1908 1543 1929 v.

877 1963 953 1995 sup.
976 1950 1019 1982 ad
1037 1950 1064 1991 I,
1089 1948 1163 1982 151.
1184 1968 1219 1973 -
1261 1951 1412 1983 miranti
1438 1964 1542 1984 revo-

880 2010 951 2041 cavi
974 2019 1016 2039 ex
1037 2007 1173 2040 10-13.
1191 2008 1312 2049 16.17.
1343 2019 1462 2053 19-27.
1476 2009 1543 2042 45-

880 2067 933 2099 50.
958 2060 1100 2109 54-69.
1123 2077 1159 2109 71
1177 2066 1262 2106 -74,
1290 2064 1370 2098 cod.
1389 2065 1546 2107 quodam

880 2123 971 2157 Pith.
993 2131 1025 2155 et
1046 2123 1212 2155 omnibus
1235 2123 1306 2154 fere
1318 2121 1422 2154 MSS.
1440 2121 1546 2156 Paris.

879 2180 971 2214 Nam
991 2180 1169 2223 praeclare
1194 2180 1241 2210 sic
1269 2191 1451 2211 summum
1480 2179 1548 2211 ad.-

882 2237 1067 2270 umbratur
1085 2244 1299 2275 monstrum,
1325 2237 1421 2268 cuius
1441 2239 1548 2269 novi-

883 2302 991 2326 tatem
1008 2295 1123 2336 ipsum
1144 2301 1299 2325 aratrum
1330 2294 1450 2324 mirari
1479 2295 1550 2325 fin-

883 2353 996 2394 gitur,
1031 2358 1065 2382 et
1089 2361 1188 2382 more
1216 2357 1401 2392 poetarum
1426 2360 1547 2383 seusus
1584 2374 1588 2383 1

884 2407 1051 2442 tribuitur
1064 2409 1116 2439 rei
1137 2408 1360 2439 inanimatae.
1400 2412 1467 2438 aut
1480 2407 1549 2438 mi-

883 2465 989 2500 ranti
1006 2462 1072 2496 sub
1094 2468 1222 2496 aratro
1249 2473 1300 2496 11.
1322 2462 1376 2494 23.
1424 2469 1462 2495 et
1479 2463 1550 2498 mi-

884 2522 990 2555 rann·
1003 2519 1070 2553 sub
1089 2523 1219 2552 aratro
1253 2519 1304 2551 15.
1328 2530 1382 2562 17.
1409 2531 1447 2564 19
1460 2539 1481 2546 -
1495 2532 1552 2556 22.

887 2591 941 2612 21.
962 2576 1017 2610 45.
1036 2577 1092 2609 46.
1143 2582 1179 2608 et
1208 2576 1361 2608 miranti
1388 2575 1462 2608 iam
1485 2576 1553 2608 sub

890 2640 1017 2668 aratro
1045 2644 1096 2666 10.
1119 2643 1171 2666 12.
1193 2631 1247 2665 25.
1270 2644 1323 2676 27.
1343 2632 1468 2678 47-50.
1486 2633 1553 2666 54-

890 2694 944 2735 61).
975 2692 1118 2735 71-74,
1173 2689 1245 2722 Sed
1280 2690 1355 2723 iam
1383 2691 1553 2721 inscrtum

892 2748 937 2780 ob
957 2756 1097 2782 metum
1119 2747 1312 2781 laborantis
1338 2747 1462 2787 metri,
1476 2748 1554 2802 'qui
