1759 3029
328 213 757 257 EDITIONVM
812 212 1211 257 IVVENALIS
1327 230 1469 260 cxxxt

64 332 255 372 habuisse
286 331 488 370 officinam
514 331 703 380 videtur,
734 326 863 380 (cons.
889 329 1034 369 titulus
1066 329 1162 370 edit.
1184 332 1300 373 Brix.
1332 336 1406 375 III.
1428 351 1462 377 a.

67 402 208 449 1501.)
241 400 286 438 in
319 414 398 452 qua
447 399 661 451 aliquoties
706 405 749 437 et
783 399 973 437 Persium
1010 404 1052 436 et
1097 399 1331 442 Iuvenalem
1372 418 1465 445 cum

63 482 208 506 comm.
233 467 319 505 eius
336 497 346 515 ‚
376 467 493 505 illum
516 481 549 504 a.
585 466 700 505 1486.
727 472 769 505 et
798 467 939 515 15oo.‚
967 464 1078 504 hunc
1100 480 1133 504 a.
1160 468 1297 518 1501.‚
1327 477 1465 512 utros·-

65 549 144 587 que
176 549 208 573 a.
249 536 364 574 1503.
400 547 572 572 excusos
611 547 696 572 esse
733 539 910 573 constat.
970 533 1166 572 Ceterum
1199 536 1256 572 Io.
1287 540 1464 579 Britan-

66 605 185 640 nicus
210 617 238 640 S.
272 602 475 654 Angelus,
528 603 586 642 ita
623 601 755 640 dictus
802 616 824 639 a
870 602 1111 651 maioribus,
1165 615 1219 641 ex
1253 603 1466 649 Britannia

65 669 356 718 oriundis,vir
376 670 517 708 aetatis
551 683 647 708 suae
700 669 963 707 doctissimus
1009 670 1111 718 suit,
1163 671 1254 723 qui,
1302 682 1466 724 praeter

65 737 165 785 alia,
223 738 537 775 commentarios
577 738 620 776 in
663 737 906 786 Horatium,
953 739 1211 786 Iuvenalem,
1264 738 1466 794 Persium,

65 804 334 853 Terentium,
398 804 576 842 Statium
615 810 657 842 et
700 804 843 842 Ovidii
902 805 1256 858 Metamorphoses
1285 811 1467 862 scripsit,

64 885 110 909 ac
134 872 324 924 princeps
347 872 530 910 omnium
561 872 767 910 Iuvenalis
811 871 1087 924 interpretum
1123 878 1184 910 est
1213 878 1465 916 censendus:

65 952 159 977 nam
193 953 278 977 non
334 939 456 978 modo
506 941 598 978 loca
659 940 897 978 obscuriora
940 941 1047 978 notis
1088 941 1219 979 doctis
1257 943 1467 985 illustrare

67 1011 237 1043 conatus
266 1013 350 1055 est,
392 1007 464 1044 sed
505 1008 649 1056 etiam,
701 1021 804 1060 quae
843 1009 1064 1060 praecipua
1109 1009 1195 1046 eius
1230 1010 1362 1049 virtus
1392 1021 1464 1064 est,

66 1073 362 1112 studiosissime
417 1075 682 1126 investigavit
737 1081 919 1113 mentem
967 1076 1266 1128 consiliumque
1301 1087 1462 1129 poetae,

67 1147 108 1178 et
127 1147 214 1180 tum
237 1155 435 1181 summam
467 1143 645 1181 cuiusvis
679 1143 851 1191 satirae,
884 1148 974 1181 tum
1006 1144 1257 1194 singularum
1286 1148 1466 1196 partium

67 1210 442 1262 sententiarumque
467 1211 794 1262 copulationem,
823 1210 909 1248 vim
937 1211 1166 1262 poeticam,
1199 1219 1464 1266 venustatem,

68 1276 233 1316 facetias
268 1292 313 1315 ac
336 1278 461 1326 sales,
486 1291 630 1329 magna
659 1276 826 1315 solertia
866 1283 1065 1329 rectoque
1097 1278 1321 1327 elegantiae
1342 1296 1464 1324 sensu

71 1343 302 1384 declaravit.
360 1345 478 1383 Hanc
501 1346 553 1383 ob
580 1358 739 1382 causam
775 1344 854 1396 ipsi
889 1357 1052 1397 quoque
1087 1344 1302 1396 Grangaeo
1338 1363 1465 1401 prae..

69 1411 263 1450 serendus
289 1412 474 1459 videtur,
505 1413 576 1463 qui
616 1415 731 1451 varia
755 1412 920 1465 quidem
965 1417 1007 1448 et
1039 1413 1243 1464 exquisita
1275 1412 1465 1459 doctrina

71 1493 119 1517 eo
142 1479 329 1531 superior
348 1486 410 1518 est
424 1510 435 1528 ‚
461 1479 531 1518 sed
554 1480 729 1518 inferior
743 1480 847 1518 bene
872 1485 1140 1531 accurateque
1163 1479 1466 1534 interpretandi

71 1552 171 1584 arte.
228 1547 338 1584 Hinc
380 1548 502 1585 etiam
543 1548 860 1585 commentarius
905 1547 1134 1584 Britannici
1189 1551 1348 1601 saepius
1389 1555 1464 1593 sub

70 1613 230 1665 prelum
246 1621 468 1652 revocatus
503 1620 587 1661 est,
625 1621 666 1652 et
697 1627 750 1652 ex
783 1628 830 1651 eo
870 1614 1106 1664 Grangaeus
1150 1614 1300 1666 aliique
1333 1622 1464 1660 multa

72 1678 319 1728 hauserunt,
346 1694 396 1717 ne
422 1681 550 1718 fontis
573 1680 739 1732 quidem
769 1681 978 1718 mentione
1011 1680 1130 1717 sacta.
1189 1681 1282 1732 Ipse
1327 1691 1466 1728 tamen

70 1748 270 1786 iactanter
311 1749 460 1798 magis,
499 1761 619 1800 quam
652 1761 751 1785 vere
785 1748 915 1795 dixit,
969 1753 1131 1798 practer
1171 1747 1344 1789 sortasse
1385 1755 1466 1794 tria

72 1821 142 1852 aut
184 1820 357 1866 quatuor
401 1814 451 1852 ad
490 1828 695 1852 summum
735 1815 848 1863 loca,
901 1811 1005 1850 nihil
1049 1827 1218 1865 prorsus
1260 1819 1465 1872 relictum,

72 1880 182 1935 quod
214 1894 236 1918 a
272 1895 316 1919 se
346 1894 429 1919 non
473 1882 526 1919 sit
569 1883 724 1932 optime
759 1879 1049 1918 dilucidatum:
1091 1879 1319 1924 doctrinam
1355 1889 1466 1929 enim

71 1949 158 1987 eius
200 1955 240 1986 et
280 1949 666 2001 interpretationem
706 1948 864 1998 saepius
903 1945 1062 1985 videbis
1110 1961 1196 1986 esse
1232 1952 1300 1989 vel
1330 1956 1465 1995 minus

75 2022 324 2065 accuratam,
370 2016 437 2053 vel
474 2016 595 2054 nimis
631 2021 814 2066 argutam
857 2020 901 2052 et
930 2014 1147 2065 subtilem,
1189 2020 1394 2070 copiosam
1422 2029 1465 2063 et

72 2095 389 2136 supervacuam,
420 2084 593 2121 alienam
620 2089 660 2121 et
692 2088 933 2121 contortam.

182 2151 419 2196 Iuvenalis,
471 2151 672 2195 Persius,
725 2151 955 2195 Horatius,
1000 2151 1220 2199 Lucilius,
1269 2154 1466 2207 Lugduni

72 2215 160 2259 Eat.
1261 2233 1321 2260 12.
1346 2225 1464 2265 1500.

446 2283 598 2322 SAEC.
630 2284 749 2323 XVI.
781 2285 880 2324 1501
899 2307 951 2316 —·
970 2285 1086 2325 1601.

182 2351 202 2373 *
229 2351 379 2390 Aldina
410 2351 441 2389 Ι.
499 2352 661 2390 Veneta
699 2351 822 2390 XIX.
854 2355 910 2400 (n.
943 2352 1033 2402 61.)
1097 2352 1330 2405 Iuvenalis,
1356 2358 1464 2398 Per.

73 2419 183 2466 εἰπε,
212 2420 397 2457 Venetiis
433 2420 552 2470 apud
580 2420 738 2456 Aldum
759 2420 847 2457 sine
881 2421 1093 2458 mentione
1136 2421 1251 2469 anni,
1283 2425 1319 2461 8.

187 2485 282 2534 Quo
310 2499 413 2524 anno
449 2485 669 2538 prodierit,
705 2473 789 2524 non
820 2493 999 2525 constat:
1040 2499 1128 2524 eam
1156 2499 1256 2526 vero
1286 2491 1464 2542 primam

73 2564 160 2589 esse
182 2551 370 2591 Aldinam
383 2583 393 2601 ,
421 2555 489 2592 vel
510 2567 563 2592 ex
583 2567 631 2591 eo
652 2554 866 2604 probabile
887 2554 956 2602 fit,
996 2553 1104 2605 quod
1136 2553 1296 2594 Graeca
1325 2559 1463 2607 verba,

75 2631 177 2671 quae
199 2619 278 2656 Sar.
313 2618 395 2668 VI,
437 2621 524 2672 ¹95·
550 2627 592 2658 et
614 2618 699 2669 IX,
732 2622 797 2670 37.
832 2622 876 2660 in
907 2620 1079 2672 reliquis
1117 2620 1278 2660 -Aldinis
1315 2625 1462 2675 legun-

75 2689 163 2733 tur,
203 2685 247 2723 in
282 2699 347 2734 ea,
385 2691 432 2723 ut
467 2688 510 2724 in
547 2686 668 2725 Rom.
704 2689 860 2739 princ.‚
911 2687 1094 2726 nondum
1134 2700 1351 2740 expressa,
1389 2692 1461 2730 sed

74 2752 193 2803 plane
235 2753 381 2790 omissa
420 2759 525 2792 sunt.
585 2754 691 2793 Tres
725 2761 861 2795 autem
902 2769 987 2793 esse
1028 2754 1241 2795 dumtaxat
1281 2758 1462 2811 Aldinas,

877 2836 893 2860 ἰ
924 2833 947 2862 2
