<?xml version="1.0" encoding="UTF-8"?>
<!DOCTYPE html PUBLIC "-//W3C//DTD XHTML 1.0 Transitional//EN"
    "http://www.w3.org/TR/xhtml1/DTD/xhtml1-transitional.dtd">
<html xmlns="http://www.w3.org/1999/xhtml" xml:lang="en" lang="en">
 <head>
  <title>
</title>
<meta http-equiv="Content-Type" content="text/html;charset=utf-8" />
  <meta name='ocr-system' content='tesseract 3.04.00' />
  <meta name='ocr-capabilities' content='ocr_page ocr_carea ocr_par ocr_line ocrx_word'/>
</head>
<body>
  <div class='ocr_page' id='page_1' title='image "./satirae16adoptim01juveuoft/satirae16adoptim01juveuoft_0041.png"; bbox 0 0 1759 3029; ppageno 0'>
   <div class='ocr_carea' id='block_1_1' title="bbox 384 126 1490 171">
    <p class='ocr_par' dir='ltr' id='par_1_1' title="bbox 384 126 1490 171">
     <span class='ocr_line' id='line_1_1' title="bbox 384 126 1490 171; baseline -0.001 -3"><span class='ocrx_word' id='word_1_1' title='bbox 384 128 517 168; x_wconf 84' lang='lat' dir='ltr'>PER</span> <span class='ocrx_word' id='word_1_2' title='bbox 572 126 824 168; x_wconf 91' lang='lat' dir='ltr'><strong>ANNOS</strong></span> <span class='ocrx_word' id='word_1_3' title='bbox 882 128 1196 171; x_wconf 88' lang='lat' dir='ltr'>DIGESTA</span> <span class='ocrx_word' id='word_1_4' title='bbox 1281 140 1285 141; x_wconf 70' lang='grc'>’</span> <span class='ocrx_word' id='word_1_5' title='bbox 1341 141 1490 168; x_wconf 64' lang='grc' dir='ltr'><strong>--Χκπι</strong></span> 
     </span>
    </p>
   </div>
   <div class='ocr_carea' id='block_1_2' title="bbox 71 244 1499 1392">
    <p class='ocr_par' dir='ltr' id='par_1_2' title="bbox 71 244 1499 1392">
     <span class='ocr_line' id='line_1_2' title="bbox 100 244 1492 307; baseline -0.001 -18"><span class='ocrx_word' id='word_1_6' title='bbox 100 260 212 307; x_wconf 83' lang='lat' dir='ltr'>pora</span> <span class='ocrx_word' id='word_1_7' title='bbox 240 249 498 304; x_wconf 83' lang='lat' dir='ltr'>praesentia</span> <span class='ocrx_word' id='word_1_8' title='bbox 524 244 718 302; x_wconf 82' lang='lat' dir='ltr'>figurate</span> <span class='ocrx_word' id='word_1_9' title='bbox 752 252 978 299; x_wconf 78' lang='lat' dir='ltr'>notasset,</span> <span class='ocrx_word' id='word_1_10' title='bbox 1015 246 1252 291; x_wconf 74' lang='lat' dir='ltr'>aestatim</span> <span class='ocrx_word' id='word_1_11' title='bbox 1282 261 1370 306; x_wconf 79' lang='lat' dir='ltr'>per</span> <span class='ocrx_word' id='word_1_12' title='bbox 1403 245 1492 289; x_wconf 89' lang='lat' dir='ltr'>ho-</span> 
     </span>
     <span class='ocr_line' id='line_1_3' title="bbox 98 313 1492 374; baseline 0 -16"><span class='ocrx_word' id='word_1_13' title='bbox 98 330 259 362; x_wconf 81' lang='lat' dir='ltr'><strong>norem</strong></span> <span class='ocrx_word' id='word_1_14' title='bbox 297 316 487 361; x_wconf 82' lang='lat' dir='ltr'>militiae</span> <span class='ocrx_word' id='word_1_15' title='bbox 518 313 644 357; x_wconf 87' lang='lat' dir='ltr'>Urbe</span> <span class='ocrx_word' id='word_1_16' title='bbox 673 314 908 356; x_wconf 86' lang='lat' dir='ltr'>submotus</span> <span class='ocrx_word' id='word_1_17' title='bbox 958 323 1026 356; x_wconf 81' lang='lat' dir='ltr'>est</span> <span class='ocrx_word' id='word_1_18' title='bbox 1059 323 1103 356; x_wconf 85' lang='lat' dir='ltr'>et</span> <span class='ocrx_word' id='word_1_19' title='bbox 1140 319 1194 359; x_wconf 75' lang='lat' dir='ltr'>ad,</span> <span class='ocrx_word' id='word_1_20' title='bbox 1233 316 1492 374; x_wconf 78' lang='lat' dir='ltr'>praefectu-</span> 
     </span>
     <span class='ocr_line' id='line_1_4' title="bbox 94 381 1492 442; baseline 0 -16"><span class='ocrx_word' id='word_1_21' title='bbox 94 400 194 427; x_wconf 82' lang='lat' dir='ltr'>ram</span> <span class='ocrx_word' id='word_1_22' title='bbox 228 383 430 426; x_wconf 84' lang='lat' dir='ltr'><strong>cohortis</strong></span> <span class='ocrx_word' id='word_1_23' title='bbox 458 387 507 425; x_wconf 88' lang='lat' dir='ltr'>in</span> <span class='ocrx_word' id='word_1_24' title='bbox 537 381 808 442; x_wconf 79' lang='lat' dir='ltr'>Aegyptum</span> <span class='ocrx_word' id='word_1_25' title='bbox 838 387 1028 436; x_wconf 83' lang='lat' dir='ltr'>missus,</span> <span class='ocrx_word' id='word_1_26' title='bbox 1063 383 1143 425; x_wconf 88' lang='lat' dir='ltr'>ubi</span> <span class='ocrx_word' id='word_1_27' title='bbox 1165 390 1288 427; x_wconf 79' lang='lat' dir='ltr'>intra</span> <span class='ocrx_word' id='word_1_28' title='bbox 1313 386 1492 428; x_wconf 84' lang='lat' dir='ltr'>brevis-</span> 
     </span>
     <span class='ocr_line' id='line_1_5' title="bbox 93 452 1491 512; baseline 0.001 -17"><span class='ocrx_word' id='word_1_29' title='bbox 93 456 259 495; x_wconf 88' lang='lat' dir='ltr'>simum</span> <span class='ocrx_word' id='word_1_30' title='bbox 295 461 471 510; x_wconf 77' lang='lat' dir='ltr'>tempus</span> <span class='ocrx_word' id='word_1_31' title='bbox 501 468 670 509; x_wconf 80' lang='lat' dir='ltr'>angore</span> <span class='ocrx_word' id='word_1_32' title='bbox 710 460 755 494; x_wconf 85' lang='lat' dir='ltr'>et</span> <span class='ocrx_word' id='word_1_33' title='bbox 785 453 930 494; x_wconf 82' lang='lat' dir='ltr'>taedio</span> <span class='ocrx_word' id='word_1_34' title='bbox 960 456 1110 510; x_wconf 82' lang='lat' dir='ltr'>periit.</span> <span class='ocrx_word' id='word_1_35' title='bbox 1182 452 1250 496; x_wconf 89' lang='lat' dir='ltr'>Cf.</span> <span class='ocrx_word' id='word_1_36' title='bbox 1291 470 1390 512; x_wconf 87' lang='lat' dir='ltr'>sup.</span> <span class='ocrx_word' id='word_1_37' title='bbox 1433 453 1491 497; x_wconf 80' lang='lat' dir='ltr'>ad</span> 
     </span>
     <span class='ocr_line' id='line_1_6' title="bbox 91 520 1490 584; baseline 0.001 -20"><span class='ocrx_word' id='word_1_38' title='bbox 91 537 129 564; x_wconf 81' lang='lat' dir='ltr'>a.</span> <span class='ocrx_word' id='word_1_39' title='bbox 163 520 224 564; x_wconf 89' lang='lat' dir='ltr'>V.</span> <span class='ocrx_word' id='word_1_40' title='bbox 267 537 305 564; x_wconf 86' lang='grc'><strong>0.·</strong></span> <span class='ocrx_word' id='word_1_41' title='bbox 352 523 461 584; x_wconf 81' lang='lat'><strong>795.</strong></span> <span class='ocrx_word' id='word_1_42' title='bbox 505 529 552 563; x_wconf 88' lang='lat' dir='ltr'>et</span> <span class='ocrx_word' id='word_1_43' title='bbox 592 523 702 565; x_wconf 78' lang='lat'><strong>833.</strong></span> <span class='ocrx_word' id='word_1_44' title='bbox 781 520 852 563; x_wconf 88' lang='lat' dir='ltr'>De</span> <span class='ocrx_word' id='word_1_45' title='bbox 891 521 994 563; x_wconf 86' lang='lat' dir='ltr'>loco</span> <span class='ocrx_word' id='word_1_46' title='bbox 1037 523 1186 565; x_wconf 81' lang='lat' dir='ltr'>exsilii</span> <span class='ocrx_word' id='word_1_47' title='bbox 1219 524 1490 579; x_wconf 56' lang='lat' dir='ltr'>‘ambigitur-</span> 
     </span>
     <span class='ocr_line' id='line_1_7' title="bbox 88 589 1489 649; baseline 0.001 -18"><span class='ocrx_word' id='word_1_48' title='bbox 88 590 334 632; x_wconf 77' lang='lat' dir='ltr'>Salmasius</span> <span class='ocrx_word' id='word_1_49' title='bbox 375 590 592 649; x_wconf 69' lang='lat' dir='ltr'>putabat3</span> <span class='ocrx_word' id='word_1_50' title='bbox 640 605 745 632; x_wconf 87' lang='lat' dir='ltr'>eum</span> <span class='ocrx_word' id='word_1_51' title='bbox 778 589 917 632; x_wconf 80' lang='lat' dir='ltr'>fuisse</span> <span class='ocrx_word' id='word_1_52' title='bbox 958 591 1147 644; x_wconf 76' lang='lat' dir='ltr'>Sienen5</span> <span class='ocrx_word' id='word_1_53' title='bbox 1191 589 1253 634; x_wconf 88' lang='lat' dir='ltr'>Io.</span> <span class='ocrx_word' id='word_1_54' title='bbox 1294 591 1489 633; x_wconf 77' lang='lat' dir='ltr'>Malalas</span> 
     </span>
     <span class='ocr_line' id='line_1_8' title="bbox 90 658 1492 718; baseline 0.001 -17"><span class='ocrx_word' id='word_1_55' title='bbox 90 674 200 701; x_wconf 87' lang='lat' dir='ltr'>vero</span> <span class='ocrx_word' id='word_1_56' title='bbox 243 662 294 700; x_wconf 88' lang='lat' dir='ltr'>in</span> <span class='ocrx_word' id='word_1_57' title='bbox 332 658 589 715; x_wconf 87' lang='lat' dir='ltr'>Chronogr.</span> <span class='ocrx_word' id='word_1_58' title='bbox 633 658 688 700; x_wconf 92' lang='lat' dir='ltr'>T.</span> <span class='ocrx_word' id='word_1_59' title='bbox 726 658 759 701; x_wconf 89' lang='grc' dir='ltr'>Ι.</span> <span class='ocrx_word' id='word_1_60' title='bbox 795 674 840 716; x_wconf 87' lang='lat' dir='ltr'>p.</span> <span class='ocrx_word' id='word_1_61' title='bbox 882 659 992 700; x_wconf 68' lang='lat'>341.</span> <span class='ocrx_word' id='word_1_62' title='bbox 1023 663 1147 701; x_wconf 81' lang='lat' dir='ltr'>cuius</span> <span class='ocrx_word' id='word_1_63' title='bbox 1180 660 1317 702; x_wconf 80' lang='lat' dir='ltr'>verba</span> <span class='ocrx_word' id='word_1_64' title='bbox 1356 675 1492 718; x_wconf 82' lang='lat' dir='ltr'>repe-</span> 
     </span>
     <span class='ocr_line' id='line_1_9' title="bbox 89 726 1490 785; baseline 0.001 -16"><span class='ocrx_word' id='word_1_65' title='bbox 89 731 165 769; x_wconf 86' lang='lat' dir='ltr'>tiit</span> <span class='ocrx_word' id='word_1_66' title='bbox 208 727 393 779; x_wconf 79' lang='lat' dir='ltr'>Suidas,</span> <span class='ocrx_word' id='word_1_67' title='bbox 440 727 720 785; x_wconf 59' lang='lat' dir='ltr'>Pentapolim</span> <span class='ocrx_word' id='word_1_68' title='bbox 757 726 953 782; x_wconf 73' lang='lat' dir='ltr'>Libyae,</span> <span class='ocrx_word' id='word_1_69' title='bbox 1000 726 1044 770; x_wconf 89' lang='lat' dir='ltr'>h.</span> <span class='ocrx_word' id='word_1_70' title='bbox 1085 744 1120 770; x_wconf 88' lang='lat' dir='ltr'>e.</span> <span class='ocrx_word' id='word_1_71' title='bbox 1174 727 1490 785; x_wconf 76' lang='lat' dir='ltr'>Cyrenaicam‚</span> 
     </span>
     <span class='ocr_line' id='line_1_10' title="bbox 75 793 1487 854; baseline 0.002 -17"><span class='ocrx_word' id='word_1_72' title='bbox 75 794 168 854; x_wconf 80' lang='lat' dir='ltr'>(de</span> <span class='ocrx_word' id='word_1_73' title='bbox 203 811 294 853; x_wconf 89' lang='lat' dir='ltr'>quo</span> <span class='ocrx_word' id='word_1_74' title='bbox 324 811 364 837; x_wconf 86' lang='lat' dir='ltr'>v.</span> <span class='ocrx_word' id='word_1_75' title='bbox 397 794 518 837; x_wconf 67' lang='lat' dir='ltr'>Ptin.</span> <span class='ocrx_word' id='word_1_76' title='bbox 547 793 622 847; x_wconf 53' lang='lat' dir='ltr'>V.</span> <span class='ocrx_word' id='word_1_77' title='bbox 663 797 690 838; x_wconf 86' lang='lat'><em>5</em></span> <span class='ocrx_word' id='word_1_78' title='bbox 717 793 812 853; x_wconf 81' lang='lat' dir='ltr'>pr.)</span> <span class='ocrx_word' id='word_1_79' title='bbox 843 803 971 836; x_wconf 87' lang='lat' dir='ltr'>vetus</span> <span class='ocrx_word' id='word_1_80' title='bbox 1000 794 1152 838; x_wconf 81' lang='lat' dir='ltr'>Schol.</span> <span class='ocrx_word' id='word_1_81' title='bbox 1189 797 1244 840; x_wconf 78' lang='lat' dir='ltr'>ad</span> <span class='ocrx_word' id='word_1_82' title='bbox 1277 797 1367 839; x_wconf 80' lang='lat' dir='ltr'>Sat.</span> <span class='ocrx_word' id='word_1_83' title='bbox 1400 797 1487 851; x_wconf 89' lang='lat' dir='ltr'>IV,</span> 
     </span>
     <span class='ocr_line' id='line_1_11' title="bbox 92 861 1490 924; baseline 0.001 -17"><span class='ocrx_word' id='word_1_84' title='bbox 92 864 167 907; x_wconf 83' lang='lat'>38.</span> <span class='ocrx_word' id='word_1_85' title='bbox 210 861 335 906; x_wconf 76' lang='lat' dir='ltr'>Oasa</span> <span class='ocrx_word' id='word_1_86' title='bbox 362 880 394 906; x_wconf 81' lang='lat' dir='ltr'>s,</span> <span class='ocrx_word' id='word_1_87' title='bbox 422 861 582 915; x_wconf 75' lang='lat' dir='ltr'>Oases,</span> <span class='ocrx_word' id='word_1_88' title='bbox 614 864 668 905; x_wconf 88' lang='lat' dir='ltr'>de</span> <span class='ocrx_word' id='word_1_89' title='bbox 710 863 871 919; x_wconf 89' lang='lat' dir='ltr'>quibus</span> <span class='ocrx_word' id='word_1_90' title='bbox 919 865 1050 906; x_wconf 80' lang='lat' dir='ltr'>docte</span> <span class='ocrx_word' id='word_1_91' title='bbox 1098 873 1143 906; x_wconf 84' lang='lat' dir='ltr'>et</span> <span class='ocrx_word' id='word_1_92' title='bbox 1177 870 1358 923; x_wconf 82' lang='lat' dir='ltr'>copiose</span> <span class='ocrx_word' id='word_1_93' title='bbox 1398 871 1490 924; x_wconf 80' lang='lat' dir='ltr'>egit</span> 
     </span>
     <span class='ocr_line' id='line_1_12' title="bbox 88 929 1499 995; baseline 0.002 -21"><span class='ocrx_word' id='word_1_94' title='bbox 88 931 326 974; x_wconf 76' lang='lat' dir='ltr'>Michaelis</span> <span class='ocrx_word' id='word_1_95' title='bbox 371 940 480 975; x_wconf 78' lang='lat' dir='ltr'>nota</span> <span class='ocrx_word' id='word_1_96' title='bbox 525 932 602 976; x_wconf 83' lang='lat'>54.</span> <span class='ocrx_word' id='word_1_97' title='bbox 641 932 696 973; x_wconf 84' lang='lat' dir='ltr'>ad</span> <span class='ocrx_word' id='word_1_98' title='bbox 736 929 992 974; x_wconf 78' lang='lat' dir='ltr'>Abulfedae</span> <span class='ocrx_word' id='word_1_99' title='bbox 1031 932 1499 995; x_wconf 23' lang='lat' dir='ltr'>descriptsAegypti·</span> 
     </span>
     <span class='ocr_line' id='line_1_13' title="bbox 75 999 1489 1060; baseline 0.003 -18"><span class='ocrx_word' id='word_1_100' title='bbox 75 1016 134 1059; x_wconf 74' lang='lat' dir='ltr'>P·</span> <span class='ocrx_word' id='word_1_101' title='bbox 166 1002 391 1044; x_wconf 78' lang='lat'><strong>21—33.</strong></span> <span class='ocrx_word' id='word_1_102' title='bbox 420 1001 500 1043; x_wconf 89' lang='lat' dir='ltr'>ubi</span> <span class='ocrx_word' id='word_1_103' title='bbox 534 1002 690 1054; x_wconf 80' lang='lat' dir='ltr'>docet,</span> <span class='ocrx_word' id='word_1_104' title='bbox 726 1008 818 1042; x_wconf 88' lang='lat' dir='ltr'>tres</span> <span class='ocrx_word' id='word_1_105' title='bbox 850 999 990 1042; x_wconf 78' lang='lat' dir='ltr'>Oases</span> <span class='ocrx_word' id='word_1_106' title='bbox 1013 1009 1058 1043; x_wconf 89' lang='lat' dir='ltr'>et</span> <span class='ocrx_word' id='word_1_107' title='bbox 1085 1018 1232 1060; x_wconf 82' lang='lat' dir='ltr'>prope</span> <span class='ocrx_word' id='word_1_108' title='bbox 1262 1008 1489 1047; x_wconf 75' lang='lat' dir='ltr'>maiorem</span> 
     </span>
     <span class='ocr_line' id='line_1_14' title="bbox 80 1068 1490 1128; baseline 0.001 -14"><span class='ocrx_word' id='word_1_109' title='bbox 80 1069 228 1114; x_wconf 69' lang='lat' dir='ltr'>‚fuisse</span> <span class='ocrx_word' id='word_1_110' title='bbox 258 1072 536 1128; x_wconf 70' lang='lat' dir='ltr'>praesidium</span> <span class='ocrx_word' id='word_1_111' title='bbox 569 1068 727 1123; x_wconf 57' lang='lat' dir='ltr'>Rom„</span> <span class='ocrx_word' id='word_1_112' title='bbox 763 1068 886 1112; x_wconf 89' lang='lat' dir='ltr'>hunc</span> <span class='ocrx_word' id='word_1_113' title='bbox 923 1077 1076 1112; x_wconf 79' lang='lat' dir='ltr'>autem</span> <span class='ocrx_word' id='word_1_114' title='bbox 1104 1086 1197 1112; x_wconf 86' lang='lat' dir='ltr'>esse</span> <span class='ocrx_word' id='word_1_115' title='bbox 1237 1074 1490 1115; x_wconf 63' lang='grc'><strong>0118111110-</strong></span> 
     </span>
     <span class='ocr_line' id='line_1_15' title="bbox 72 1138 1487 1200; baseline 0.004 -20"><span class='ocrx_word' id='word_1_116' title='bbox 72 1153 216 1191; x_wconf 82' lang='grc'><strong>-011111,</strong></span> <span class='ocrx_word' id='word_1_117' title='bbox 264 1155 287 1180; x_wconf 92' lang='lat' dir='ltr'>e</span> <span class='ocrx_word' id='word_1_118' title='bbox 329 1143 428 1181; x_wconf 89' lang='lat' dir='ltr'>iure</span> <span class='ocrx_word' id='word_1_119' title='bbox 459 1138 670 1181; x_wconf 77' lang='lat' dir='ltr'>Romano</span> <span class='ocrx_word' id='word_1_120' title='bbox 713 1145 759 1180; x_wconf 84' lang='lat' dir='ltr'>et</span> <span class='ocrx_word' id='word_1_121' title='bbox 805 1138 997 1181; x_wconf 83' lang='lat' dir='ltr'>historia</span> <span class='ocrx_word' id='word_1_122' title='bbox 1030 1141 1326 1182; x_wconf 83' lang='lat' dir='ltr'>ecclesiastica</span> <span class='ocrx_word' id='word_1_123' title='bbox 1355 1142 1418 1200; x_wconf 84' lang='lat' dir='ltr'>(v.</span> <span class='ocrx_word' id='word_1_124' title='bbox 1450 1158 1487 1194; x_wconf 85' lang='lat' dir='ltr'>c.</span> 
     </span>
     <span class='ocr_line' id='line_1_16' title="bbox 74 1206 1485 1267; baseline 0.003 -19"><span class='ocrx_word' id='word_1_125' title='bbox 74 1208 147 1249; x_wconf 89' lang='lat' dir='ltr'>·de</span> <span class='ocrx_word' id='word_1_126' title='bbox 188 1206 433 1267; x_wconf 83' lang='lat' dir='ltr'>Nestorio)</span> <span class='ocrx_word' id='word_1_127' title='bbox 482 1210 797 1261; x_wconf 81' lang='lat' dir='ltr'>notissimum,</span> <span class='ocrx_word' id='word_1_128' title='bbox 841 1211 890 1248; x_wconf 89' lang='lat' dir='ltr'>in</span> <span class='ocrx_word' id='word_1_129' title='bbox 934 1223 1090 1263; x_wconf 74' lang='lat' dir='ltr'>quem,</span> <span class='ocrx_word' id='word_1_130' title='bbox 1125 1217 1178 1250; x_wconf 83' lang='lat' dir='ltr'>ut</span> <span class='ocrx_word' id='word_1_131' title='bbox 1213 1213 1260 1251; x_wconf 88' lang='lat' dir='ltr'>in</span> <span class='ocrx_word' id='word_1_132' title='bbox 1295 1212 1485 1264; x_wconf 80' lang='lat' dir='ltr'>insulas,</span> 
     </span>
     <span class='ocr_line' id='line_1_17' title="bbox 87 1275 1487 1334; baseline 0.003 -16"><span class='ocrx_word' id='word_1_133' title='bbox 87 1277 317 1334; x_wconf 82' lang='lat' dir='ltr'>deportati</span> <span class='ocrx_word' id='word_1_134' title='bbox 348 1277 460 1319; x_wconf 89' lang='lat' dir='ltr'>olim</span> <span class='ocrx_word' id='word_1_135' title='bbox 490 1275 664 1320; x_wconf 84' lang='lat' dir='ltr'>fuerint</span> <span class='ocrx_word' id='word_1_136' title='bbox 701 1280 768 1318; x_wconf 85' lang='lat' dir='ltr'>rei</span> <span class='ocrx_word' id='word_1_137' title='bbox 815 1284 861 1318; x_wconf 88' lang='lat' dir='ltr'>et</span> <span class='ocrx_word' id='word_1_138' title='bbox 888 1277 1088 1332; x_wconf 79' lang='lat' dir='ltr'>relegati.</span> <span class='ocrx_word' id='word_1_139' title='bbox 1127 1276 1260 1321; x_wconf 84' lang='lat' dir='ltr'><strong>Conf.</strong></span> <span class='ocrx_word' id='word_1_140' title='bbox 1291 1278 1487 1322; x_wconf 75' lang='lat' dir='ltr'>Relandi</span> 
     </span>
     <span class='ocr_line' id='line_1_18' title="bbox 71 1336 1484 1392; baseline 0.003 -6"><span class='ocrx_word' id='word_1_141' title='bbox 71 1336 190 1387; x_wconf 62' lang='lat' dir='ltr'>hist.</span> <span class='ocrx_word' id='word_1_142' title='bbox 232 1349 329 1387; x_wconf 87' lang='lat' dir='ltr'>crit.</span> <span class='ocrx_word' id='word_1_143' title='bbox 371 1344 425 1388; x_wconf 91' lang='lat' dir='ltr'>T.</span> <span class='ocrx_word' id='word_1_144' title='bbox 470 1343 552 1388; x_wconf 86' lang='lat' dir='ltr'>VI.</span> <span class='ocrx_word' id='word_1_145' title='bbox 595 1353 679 1388; x_wconf 84' lang='lat' dir='ltr'>art.</span> <span class='ocrx_word' id='word_1_146' title='bbox 721 1344 806 1389; x_wconf 89' lang='lat' dir='ltr'>XI.</span> <span class='ocrx_word' id='word_1_147' title='bbox 845 1353 890 1387; x_wconf 87' lang='lat' dir='ltr'>et</span> <span class='ocrx_word' id='word_1_148' title='bbox 930 1344 1132 1390; x_wconf 73' lang='lat' dir='ltr'>Vvessel.</span> <span class='ocrx_word' id='word_1_149' title='bbox 1168 1349 1223 1389; x_wconf 81' lang='lat' dir='ltr'>ad</span> <span class='ocrx_word' id='word_1_150' title='bbox 1251 1345 1484 1392; x_wconf 77' lang='lat' dir='ltr'>Hieroclis</span> 
     </span>
    </p>
   </div>
   <div class='ocr_carea' id='block_1_3' title="bbox 69 1408 758 1477">
    <p class='ocr_par' dir='ltr' id='par_1_3' title="bbox 69 1408 758 1477">
     <span class='ocr_line' id='line_1_19' title="bbox 69 1408 758 1477; baseline -0.004 -18"><span class='ocrx_word' id='word_1_151' title='bbox 69 1408 403 1477; x_wconf 77' lang='grc' dir='ltr'><em>-Συνέκδημον</em></span> <span class='ocrx_word' id='word_1_152' title='bbox 433 1430 478 1473; x_wconf 87' lang='lat' dir='ltr'>p.</span> <span class='ocrx_word' id='word_1_153' title='bbox 504 1416 613 1476; x_wconf 86' lang='lat'><strong>725.</strong></span> <span class='ocrx_word' id='word_1_154' title='bbox 649 1415 758 1476; x_wconf 81' lang='lat'><strong>731.</strong></span> 
     </span>
    </p>
   </div>
   <div class='ocr_carea' id='block_1_4' title="bbox 211 1733 1351 1902">
    <p class='ocr_par' dir='ltr' id='par_1_4' title="bbox 211 1733 1351 1902">
     <span class='ocr_line' id='line_1_20' title="bbox 717 1733 817 1772; baseline -0.01 0"><span class='ocrx_word' id='word_1_155' title='bbox 717 1733 817 1772; x_wconf 88' lang='lat' dir='ltr'>DE</span> 
     </span>
     <span class='ocr_line' id='line_1_21' title="bbox 211 1821 1351 1902; baseline 0 -26"><span class='ocrx_word' id='word_1_156' title='bbox 211 1821 590 1902; x_wconf 75' lang='lat' dir='ltr'><strong>SATIRA</strong></span> <span class='ocrx_word' id='word_1_157' title='bbox 671 1821 1351 1879; x_wconf 84' lang='lat' dir='ltr'><strong>ROMANORVM.</strong></span> 
     </span>
    </p>
   </div>
   <div class='ocr_carea' id='block_1_5' title="bbox 70 1933 1482 2495">
    <p class='ocr_par' dir='ltr' id='par_1_5' title="bbox 70 1933 1482 2495">
     <span class='ocr_line' id='line_1_22' title="bbox 70 1933 1482 2021; baseline 0.002 -15"><span class='ocrx_word' id='word_1_158' title='bbox 70 1933 308 2021; x_wconf 19' lang='lat' dir='ltr'>iAccurata</span> <span class='ocrx_word' id='word_1_159' title='bbox 343 1967 465 2006; x_wconf 86' lang='lat' dir='ltr'>huius</span> <span class='ocrx_word' id='word_1_160' title='bbox 503 1967 733 2019; x_wconf 83' lang='lat' dir='ltr'>argumenti</span> <span class='ocrx_word' id='word_1_161' title='bbox 768 1973 811 2005; x_wconf 86' lang='lat' dir='ltr'>et</span> <span class='ocrx_word' id='word_1_162' title='bbox 849 1968 1014 2020; x_wconf 82' lang='lat' dir='ltr'>copiosa</span> <span class='ocrx_word' id='word_1_163' title='bbox 1047 1970 1314 2021; x_wconf 68' lang='lat' dir='ltr'>pertractatio</span> <span class='ocrx_word' id='word_1_164' title='bbox 1349 1970 1482 2010; x_wconf 77' lang='lat' dir='ltr'>aliena</span> 
     </span>
     <span class='ocr_line' id='line_1_23' title="bbox 85 2036 1481 2090; baseline 0.001 -15"><span class='ocrx_word' id='word_1_165' title='bbox 85 2043 149 2086; x_wconf 87' lang='lat' dir='ltr'>est</span> <span class='ocrx_word' id='word_1_166' title='bbox 181 2051 205 2075; x_wconf 88' lang='lat' dir='ltr'><strong>a</strong></span> <span class='ocrx_word' id='word_1_167' title='bbox 239 2036 412 2074; x_wconf 85' lang='lat' dir='ltr'>consilio</span> <span class='ocrx_word' id='word_1_168' title='bbox 446 2041 615 2083; x_wconf 82' lang='lat' dir='ltr'>nostro,</span> <span class='ocrx_word' id='word_1_169' title='bbox 644 2048 776 2087; x_wconf 83' lang='lat' dir='ltr'>neque</span> <span class='ocrx_word' id='word_1_170' title='bbox 814 2036 953 2087; x_wconf 82' lang='lat' dir='ltr'>paucis</span> <span class='ocrx_word' id='word_1_171' title='bbox 986 2037 1145 2075; x_wconf 73' lang='lat' dir='ltr'>absolvi</span> <span class='ocrx_word' id='word_1_172' title='bbox 1176 2045 1312 2090; x_wconf 83' lang='lat' dir='ltr'>potest</span> <span class='ocrx_word' id='word_1_173' title='bbox 1342 2039 1481 2077; x_wconf 79' lang='lat' dir='ltr'>verbis</span> 
     </span>
     <span class='ocr_line' id='line_1_24' title="bbox 84 2102 1482 2156; baseline 0.006 -20"><span class='ocrx_word' id='word_1_174' title='bbox 84 2118 132 2143; x_wconf 73' lang='lat' dir='ltr'>ac</span> <span class='ocrx_word' id='word_1_175' title='bbox 167 2104 338 2156; x_wconf 80' lang='lat' dir='ltr'>paginis.</span> <span class='ocrx_word' id='word_1_176' title='bbox 400 2102 486 2153; x_wconf 81' lang='lat' dir='ltr'>Qui</span> <span class='ocrx_word' id='word_1_177' title='bbox 525 2115 613 2140; x_wconf 89' lang='lat' dir='ltr'>eam</span> <span class='ocrx_word' id='word_1_178' title='bbox 647 2103 904 2152; x_wconf 80' lang='lat' dir='ltr'>desiderant,</span> <span class='ocrx_word' id='word_1_179' title='bbox 932 2105 983 2143; x_wconf 87' lang='lat' dir='ltr'>iis</span> <span class='ocrx_word' id='word_1_180' title='bbox 1013 2107 1261 2152; x_wconf 74' lang='lat' dir='ltr'>consulendi</span> <span class='ocrx_word' id='word_1_181' title='bbox 1285 2113 1381 2145; x_wconf 81' lang='lat' dir='ltr'>sunt</span> <span class='ocrx_word' id='word_1_182' title='bbox 1412 2107 1482 2145; x_wconf 85' lang='lat' dir='ltr'>vi-</span> 
     </span>
     <span class='ocr_line' id='line_1_25' title="bbox 73 2170 1480 2226; baseline 0.001 -16"><span class='ocrx_word' id='word_1_183' title='bbox 73 2185 227 2211; x_wconf 42' lang='lat' dir='ltr'>trorum</span> <span class='ocrx_word' id='word_1_184' title='bbox 273 2170 490 2209; x_wconf 85' lang='lat' dir='ltr'>doctorum</span> <span class='ocrx_word' id='word_1_185' title='bbox 536 2171 656 2218; x_wconf 81' lang='lat' dir='ltr'>libri,</span> <span class='ocrx_word' id='word_1_186' title='bbox 685 2171 730 2209; x_wconf 88' lang='lat' dir='ltr'>in</span> <span class='ocrx_word' id='word_1_187' title='bbox 771 2172 916 2223; x_wconf 83' lang='lat' dir='ltr'>quibus</span> <span class='ocrx_word' id='word_1_188' title='bbox 950 2175 1104 2223; x_wconf 75' lang='lat' dir='ltr'>omnia,</span> <span class='ocrx_word' id='word_1_189' title='bbox 1133 2189 1234 2226; x_wconf 83' lang='lat' dir='ltr'>quae</span> <span class='ocrx_word' id='word_1_190' title='bbox 1266 2174 1346 2212; x_wconf 85' lang='lat' dir='ltr'>huc</span> <span class='ocrx_word' id='word_1_191' title='bbox 1382 2188 1480 2226; x_wconf 77' lang='lat' dir='ltr'>spe-</span> 
     </span>
     <span class='ocr_line' id='line_1_26' title="bbox 86 2239 1480 2291; baseline 0.004 -14"><span class='ocrx_word' id='word_1_192' title='bbox 86 2245 224 2286; x_wconf 84' lang='lat' dir='ltr'>etant,</span> <span class='ocrx_word' id='word_1_193' title='bbox 261 2239 394 2291; x_wconf 82' lang='lat' dir='ltr'>quoad</span> <span class='ocrx_word' id='word_1_194' title='bbox 436 2252 512 2291; x_wconf 83' lang='lat' dir='ltr'>per</span> <span class='ocrx_word' id='word_1_195' title='bbox 550 2252 734 2290; x_wconf 79' lang='lat' dir='ltr'>magnam</span> <span class='ocrx_word' id='word_1_196' title='bbox 764 2252 904 2278; x_wconf 83' lang='lat' dir='ltr'>rerum</span> <span class='ocrx_word' id='word_1_197' title='bbox 939 2242 1232 2281; x_wconf 76' lang='lat' dir='ltr'>obscuritatem</span> <span class='ocrx_word' id='word_1_198' title='bbox 1265 2248 1480 2283; x_wconf 78' lang='lat' dir='ltr'>veterum-</span> 
     </span>
     <span class='ocr_line' id='line_1_27' title="bbox 87 2306 1476 2362; baseline 0.005 -18"><span class='ocrx_word' id='word_1_199' title='bbox 87 2319 166 2357; x_wconf 84' lang='lat' dir='ltr'>que</span> <span class='ocrx_word' id='word_1_200' title='bbox 198 2306 532 2345; x_wconf 88' lang='lat' dir='ltr'>testimoniorum</span> <span class='ocrx_word' id='word_1_201' title='bbox 561 2307 810 2358; x_wconf 83' lang='lat' dir='ltr'>paucitatem</span> <span class='ocrx_word' id='word_1_202' title='bbox 835 2307 927 2345; x_wconf 86' lang='lat' dir='ltr'>fieri</span> <span class='ocrx_word' id='word_1_203' title='bbox 951 2310 1110 2361; x_wconf 80' lang='lat' dir='ltr'>potuit,</span> <span class='ocrx_word' id='word_1_204' title='bbox 1140 2315 1225 2349; x_wconf 80' lang='lat' dir='ltr'>tam</span> <span class='ocrx_word' id='word_1_205' title='bbox 1257 2310 1476 2362; x_wconf 80' lang='lat' dir='ltr'>diligenter</span> 
     </span>
     <span class='ocr_line' id='line_1_28' title="bbox 76 2367 1476 2424; baseline 0.006 -14"><span class='ocrx_word' id='word_1_206' title='bbox 76 2367 256 2412; x_wconf 40' lang='lat' dir='ltr'>&#39;excussa</span> <span class='ocrx_word' id='word_1_207' title='bbox 280 2381 375 2413; x_wconf 86' lang='lat' dir='ltr'>sunt</span> <span class='ocrx_word' id='word_1_208' title='bbox 407 2381 449 2413; x_wconf 84' lang='lat' dir='ltr'>et</span> <span class='ocrx_word' id='word_1_209' title='bbox 484 2375 713 2424; x_wconf 83' lang='lat' dir='ltr'>subtiliter,</span> <span class='ocrx_word' id='word_1_210' title='bbox 742 2381 790 2412; x_wconf 85' lang='lat' dir='ltr'>ut</span> <span class='ocrx_word' id='word_1_211' title='bbox 822 2376 938 2414; x_wconf 86' lang='lat' dir='ltr'>novis</span> <span class='ocrx_word' id='word_1_212' title='bbox 961 2377 1035 2415; x_wconf 82' lang='lat' dir='ltr'>vix</span> <span class='ocrx_word' id='word_1_213' title='bbox 1065 2378 1173 2415; x_wconf 87' lang='lat' dir='ltr'>curis</span> <span class='ocrx_word' id='word_1_214' title='bbox 1203 2379 1476 2418; x_wconf 81' lang='lat' dir='ltr'>coniecturis-</span> 
     </span>
     <span class='ocr_line' id='line_1_29' title="bbox 87 2440 1475 2495; baseline 0.006 -17"><span class='ocrx_word' id='word_1_215' title='bbox 87 2454 167 2492; x_wconf 86' lang='lat' dir='ltr'>que</span> <span class='ocrx_word' id='word_1_216' title='bbox 195 2441 309 2481; x_wconf 87' lang='lat' dir='ltr'>locus</span> <span class='ocrx_word' id='word_1_217' title='bbox 339 2444 393 2482; x_wconf 88' lang='lat' dir='ltr'>sit</span> <span class='ocrx_word' id='word_1_218' title='bbox 418 2443 599 2483; x_wconf 83' lang='lat' dir='ltr'>relictus.</span> <span class='ocrx_word' id='word_1_219' title='bbox 621 2440 636 2461; x_wconf 86' lang='lat'>¹</span> <span class='ocrx_word' id='word_1_220' title='bbox 683 2441 889 2495; x_wconf 85' lang='lat' dir='ltr'>Equidem</span> <span class='ocrx_word' id='word_1_221' title='bbox 922 2443 1055 2482; x_wconf 87' lang='lat' dir='ltr'>officio</span> <span class='ocrx_word' id='word_1_222' title='bbox 1085 2459 1178 2485; x_wconf 85' lang='lat' dir='ltr'>meo</span> <span class='ocrx_word' id='word_1_223' title='bbox 1201 2448 1296 2486; x_wconf 81' lang='lat' dir='ltr'>satis</span> <span class='ocrx_word' id='word_1_224' title='bbox 1327 2448 1475 2488; x_wconf 77' lang='lat' dir='ltr'>secisse</span> 
     </span>
    </p>
   </div>
   <div class='ocr_carea' id='block_1_6' title="bbox 76 2549 1474 2661">
    <p class='ocr_par' dir='ltr' id='par_1_6' title="bbox 76 2549 1474 2661">
     <span class='ocr_line' id='line_1_30' title="bbox 76 2549 1474 2603; baseline 0.009 -22"><span class='ocrx_word' id='word_1_225' title='bbox 76 2591 78 2593; x_wconf 26' lang='grc' dir='ltr'>Ι</span> <span class='ocrx_word' id='word_1_226' title='bbox 137 2562 150 2583; x_wconf 84' lang='grc'>1</span> <span class='ocrx_word' id='word_1_227' title='bbox 179 2552 395 2587; x_wconf 79' lang='lat' dir='ltr'>conferendi</span> <span class='ocrx_word' id='word_1_228' title='bbox 422 2556 459 2587; x_wconf 90' lang='lat' dir='ltr'>in</span> <span class='ocrx_word' id='word_1_229' title='bbox 493 2556 615 2597; x_wconf 78' lang='lat' dir='ltr'>primis</span> <span class='ocrx_word' id='word_1_230' title='bbox 650 2564 748 2589; x_wconf 88' lang='lat' dir='ltr'>sunt:</span> <span class='ocrx_word' id='word_1_231' title='bbox 791 2549 1037 2589; x_wconf 66' lang='grc' dir='ltr'>ΔΕΑΜΒΑΟΗ.</span> <span class='ocrx_word' id='word_1_232' title='bbox 1073 2559 1134 2601; x_wconf 86' lang='lat' dir='ltr'>qui</span> <span class='ocrx_word' id='word_1_233' title='bbox 1164 2567 1301 2603; x_wconf 83' lang='lat' dir='ltr'>praeter</span> <span class='ocrx_word' id='word_1_234' title='bbox 1331 2570 1410 2592; x_wconf 79' lang='lat' dir='ltr'>suas</span> <span class='ocrx_word' id='word_1_235' title='bbox 1439 2568 1474 2594; x_wconf 78' lang='lat' dir='ltr'>et</span> 
     </span>
     <span class='ocr_line' id='line_1_31' title="bbox 87 2606 1471 2661; baseline 0.008 -21"><span class='ocrx_word' id='word_1_236' title='bbox 87 2606 352 2642; x_wconf 83' lang='lat' dir='ltr'><strong>CASAVBONI</strong></span> <span class='ocrx_word' id='word_1_237' title='bbox 372 2612 415 2644; x_wconf 82' lang='lat' dir='ltr'>de</span> <span class='ocrx_word' id='word_1_238' title='bbox 432 2613 607 2657; x_wconf 73' lang='lat' dir='ltr'>Satyrica</span> <span class='ocrx_word' id='word_1_239' title='bbox 633 2613 750 2646; x_wconf 81' lang='lat' dir='ltr'>Grae-</span> <span class='ocrx_word' id='word_1_240' title='bbox 807 2611 961 2646; x_wconf 78' lang='lat' dir='ltr'>CRENH</span> <span class='ocrx_word' id='word_1_241' title='bbox 987 2623 1085 2648; x_wconf 83' lang='lat' dir='ltr'>notas</span> <span class='ocrx_word' id='word_1_242' title='bbox 1109 2615 1237 2648; x_wconf 78' lang='lat' dir='ltr'>adiecit</span> <span class='ocrx_word' id='word_1_243' title='bbox 1267 2619 1374 2649; x_wconf 77' lang='lat' dir='ltr'>etiam</span> <span class='ocrx_word' id='word_1_244' title='bbox 1390 2629 1471 2661; x_wconf 81' lang='lat' dir='ltr'><strong>pag.</strong></span> 
     </span>
    </p>
   </div>
   <div class='ocr_carea' id='block_1_7' title="bbox 85 2666 1471 2777">
    <p class='ocr_par' dir='ltr' id='par_1_7' title="bbox 85 2666 1471 2777">
     <span class='ocr_line' id='line_1_32' title="bbox 87 2666 1470 2719; baseline 0.007 -21"><span class='ocrx_word' id='word_1_245' title='bbox 87 2676 208 2699; x_wconf 82' lang='lat' dir='ltr'>eorum</span> <span class='ocrx_word' id='word_1_246' title='bbox 227 2666 337 2699; x_wconf 75' lang='lat' dir='ltr'>Poesi</span> <span class='ocrx_word' id='word_1_247' title='bbox 357 2673 393 2699; x_wconf 81' lang='lat' dir='ltr'>ee</span> <span class='ocrx_word' id='word_1_248' title='bbox 413 2668 662 2703; x_wconf 79' lang='lat' dir='ltr'>Romanorum</span> <span class='ocrx_word' id='word_1_249' title='bbox 675 2669 749 2701; x_wconf 84' lang='lat' dir='ltr'>Sa-</span> <span class='ocrx_word' id='word_1_250' title='bbox 806 2671 996 2704; x_wconf 69' lang='lat'><strong>551—400.</strong></span> <span class='ocrx_word' id='word_1_251' title='bbox 1022 2669 1275 2707; x_wconf 78' lang='lat' dir='ltr'><strong>SPANHEMH</strong></span> <span class='ocrx_word' id='word_1_252' title='bbox 1298 2674 1389 2708; x_wconf 81' lang='lat' dir='ltr'>Diss.</span> <span class='ocrx_word' id='word_1_253' title='bbox 1407 2686 1470 2719; x_wconf 69' lang='lat'>⁸¹47</span> 
     </span>
     <span class='ocr_line' id='line_1_33' title="bbox 85 2721 1471 2777; baseline 0.009 -24"><span class='ocrx_word' id='word_1_254' title='bbox 85 2722 168 2764; x_wconf 62' lang='lat' dir='ltr'>tir-a⁴</span> <span class='ocrx_word' id='word_1_255' title='bbox 188 2721 292 2755; x_wconf 82' lang='lat' dir='ltr'>Libri</span> <span class='ocrx_word' id='word_1_256' title='bbox 319 2724 402 2764; x_wconf 83' lang='lat' dir='ltr'>duo,</span> <span class='ocrx_word' id='word_1_257' title='bbox 443 2725 522 2759; x_wconf 77' lang='lat' dir='ltr'>Hal.</span> <span class='ocrx_word' id='word_1_258' title='bbox 565 2727 660 2771; x_wconf 66' lang='lat'><strong>1374.</strong></span> <span class='ocrx_word' id='word_1_259' title='bbox 691 2727 746 2761; x_wconf 81' lang='lat' dir='ltr'>ed.</span> <span class='ocrx_word' id='word_1_260' title='bbox 805 2726 856 2760; x_wconf 71' lang='lat' dir='ltr'>les</span> <span class='ocrx_word' id='word_1_261' title='bbox 877 2729 1005 2762; x_wconf 72' lang='lat' dir='ltr'>Ce&#39;sars</span> <span class='ocrx_word' id='word_1_262' title='bbox 1028 2730 1072 2763; x_wconf 68' lang='lat' dir='ltr'>de</span> <span class='ocrx_word' id='word_1_263' title='bbox 1087 2729 1210 2765; x_wconf 74' lang='lat' dir='ltr'>Julien</span> <span class='ocrx_word' id='word_1_264' title='bbox 1233 2737 1270 2765; x_wconf 77' lang='lat' dir='ltr'>ct</span> <span class='ocrx_word' id='word_1_265' title='bbox 1294 2742 1338 2766; x_wconf 83' lang='lat' dir='ltr'>en</span> <span class='ocrx_word' id='word_1_266' title='bbox 1353 2734 1471 2777; x_wconf 72' lang='lat' dir='ltr'>ge&#39;ne&#39;-</span> 
     </span>
    </p>
   </div>
  </div>
 </body>
</html>
