1759 3029
593 111 940 154 SATIRA
996 114 1077 155 IV.

1452 116 1511 173 67

113 230 163 276 Si
192 229 368 273 fecisset
394 225 542 280 idem,
585 225 763 270 caderet
793 227 875 269 sub
904 227 1054 269 iudice
1084 243 1280 272 morum.

111 300 229 344 Nam
256 296 377 354 quod
402 304 537 352 turpe
566 294 724 348 b‘onis,
765 295 888 337 Titio
921 295 1141 352 Seioque,
1184 291 1367 340 decebat

112 365 391 423 Crispinum.

453 362 581 420 Quid
609 378 733 420 agas,
775 379 917 419 quum
945 363 1043 405 dira
1073 372 1116 406 et
1144 364 1320 407 foedior
1352 367 1476 408 omni

106 434 314 478 Crimine
339 446 536 489 persona
564 431 663 473 est?
720 431 918 473 Mullum
945 446 1027 473 sex
1049 432 1250 473 millibus
1282 434 1404 488 emit,
1455 435 1506 477 15

108 501 392 558 Aequantem
417 511 523 541 sane
553 499 740 555 paribus
769 499 971 540 sesteriia
997 499 1142 551 libris,

106 569 171 611 Ut
193 567 460 626 perhibent,
501 566 580 623 qui
611 566 664 608 (le
691 566 866 623 magnis
898 567 1074 608 maiora
1102 567 1370 623 loquuntur.

104 635 359 678 Consilium
387 634 520 676 laudo
551 634 732 676 artificis
748 666 759 686 ,
796 635 831 675 si
865 649 1056 675 munere
1085 642 1208 676 tanto

104 701 403 760 Praecipuam
432 702 481 743 in
509 701 673 743 tabulis
701 717 851 743 ceram
883 702 1001 743 senis
1044 701 1226 745 abstulit
1256 705 1372 747 orbi.

104 770 186 814 Est
212 769 328 812 ratio
357 769 576 817 ulterior.
605 784 792 826 magnae
823 770 858 810 si
891 770 1011 811 misit
1042 771 1225 824 amicae,

105 838 238 895 Quae
263 836 447 878 vehitur
476 837 628 878 clauso
659 837 758 878 latis
788 837 1098 893 specularibus
1130 848 1275 882 antro.

101 905 181 948 Nil
209 905 297 947 tale
328 913 585 961 exspectes:
640 905 748 946 emit
776 905 875 946 sibi.

103 972 236 1030 Quae
262 972 401 1013 miser
435 980 477 1013 et
506 971 628 1029 frugi
668 988 761 1014 nou
790 971 896 1015 fecit
926 972 1131 1030 Apicius.

102 1039 364 1083 Succinctus
393 1039 541 1097 patria
571 1041 823 1096 quondam,
857 1041 1089 1098 Crispine,
1119 1045 1332 1100 papyro?

100 1108 200 1152 Hoc
228 1107 377 1166 pretio
409 1108 650 1164 squamae?

99 1178 325 1229 Piscator,
365 1189 501 1231 quam
529 1175 687 1232 pisciS,
731 1176 835 1217 emi.

1451 788 1504 818 20

937 906 1084 948 Multa
1110 907 1332 961 videmus,

1192 975 1288 1017 Hoc
1317 986 1367 1020 tu·

711 1108 864 1150 Potuit
897 1108 1087 1151 fortasse
1117 1109 1310 1154 minoris
1446 1116 1503 1159 25

894 1176 1137 1219 Provincia
1164 1180 1280 1222 tanti

104 1244 276 1289 Vendit
304 1257 458 1300 agros3
488 1243 566 1284 sed
594 1244 789 1285 maiores
820 1244 1022 1301 Appulia
1050 1244 1220 1288 vendit.

102 1311 276 1370 Quales
303 1319 411 1353 tunc
442 1311 597 1368 epulas
625 1312 779 1368 ipsum
809 1312 991 1368 glutisse
1018 1322 1233 1371 putemus

100 1379 516 1438 Endoperatorem,
547 1394 690 1436 quum
716 1387 783 1423 tot
809 1380 1034 1434 sestertia,
1068 1390 1248 1439 partem

150 1557 202 1580 12.
228 1545 372 1578 vindice
390 1545 445 1578 26.

149 1603 203 1635 13.
227 1601 398 1646 Serioque
415 1613 448 1645 9.
476 1613 526 1634 ιο.
552 1600 592 1632 14
605 1619 622 1626 —
638 1612 688 1645 17.
704 1613 766 1645 ic,—

101 1668 157 1694 21.
179 1659 234 1692 45.
252 1658 309 1701 43.
331 1659 385 1690 54.
406 1657 461 1691 56.
485 1658 538 1701 57.
558 1657 769 1701 59-65.s5.

103 1715 244 1761 67-69.
263 1726 300 1758 7¹
317 1731 338 1737 —
352 1713 405 1758 73.
429 1722 462 1746 et
489 1713 642 1746 XXXHI
666 1713 769 1745 codd.

102 1772 210 1806 Paris.
231 1769 327 1813 quod
349 1782 421 1802 non
442 1779 575 1802 temere
603 1772 769 1802 reficien—

101 1829 191 1862 dum
208 1816 393 1860 fidebatur
412 1826 569 1859 Pithoeo.
595 1827 666 1858 Sed
684 1839 768 1869 gens

100 1887 188 1919 Seia
214 1886 397 1917 notissima
432 1893 501 1925 est,
550 1896 621 1916 non
651 1883 766 1917 Seria.

101 1943 260 1988 Seroque
277 1952 335 1974 22.
381 1940 549 1986 Selioque
568 1943 623 1975 55.

149 2011 203 2046 14.
219 2009 341 2056 serior
357 2010 415 2044 45.

148 2069 202 2102 15.
226 2067 367 2102 Malum
391 2067 450 2100 45.
482 2068 536 2102 56.
566 2068 620 2112 59.
637 2068 693 2102 62.
711 2066 766 2100 68.

102 2133 175 2172 7ι-
188 2125 243 2170 73.
262 2137 294 2157 v.
315 2125 359 2156 ad
377 2124 409 2167 5,
428 2137 482 2170 92-

151 2192 204 2224 16.
227 2191 357 2223 insane
375 2192 517 2235 (insano
530 2191 658 2234 pretio)
674 2191 765 2222 coni.

102 2247 282 2288 Graevius,
305 2248 433 2289 frigere
454 2255 579 2290 putans
598 2245 640 2279 τὸ
662 2258 766 2286 sane,

102 2303 200 2347 quod
225 2311 345 2336 tamen
372 2305 478 2347 longe
501 2306 680 2336 venustius
706 2312 767 2346 est,

102 2368 138 2393 et
150 2360 185 2393 h.
197 2361 222 2392 l.
239 2360 458 2402 iungendum
475 2362 583 2393 verbo
596 2372 766 2406 aequare,

101 2427 175 2452 non
196 2424 307 2450 emere
325 2425 384 2449 ant
398 2418 560 2451 vendere.

152 2482 205 2516 18.
228 2482 348 2525 inpro
364 2484 398 2515 si
421 2484 471 2516 14.
499 2484 550 2516 15.
573 2493 764 2529 17.20.22.

104 2544 140 2573 et
157 2537 255 2572 XXV
274 2538 377 2572 codd.
395 2540 503 2574 Paris.
518 2542 553 2573 si
573 2542 612 2573 in
631 2552 686 2573 21.
703 2541 767 2585 qui

103 2595 144 2635 in
159 2594 215 2628 45.
237 2596 272 2628 si
286 2607 429 2630 munere
457 2603 567 2631 tanto
587 2599 652 2632 rel.
678 2606 712 2632 et
732 2597 765 2631 X

104 2650 208 2686 MSS.
230 2650 337 2686 Paris.

874 1557 928 1581 21.
959 1546 1038 1579 lusu
1068 1547 1159 1580 latis
1189 1560 1215 1583 s.
1244 1558 1334 1582 auro
1354 1554 1495 1586 emend.

826 1601 1011 1635 Schrader.

874 1659 928 1691 25.
953 1659 1107 1702 Apitius
1128 1670 1186 1692 21.
1212 1660 1266 1692 23.
1288 1659 1342 1693 60.
1355 1656 1408 1694 65.
1422 1680 1457 1688 —
1475 1674 1495 1695 ο

828 1720 868 1746 tu
892 1727 945 1747 22.

873 1783 916 1815 24
932 1795 1018 1827 —27.
1041 1795 1071 1815 v.
1089 1783 1234 1816 Excurs.
1255 1783 1299 1816 ad
1321 1784 1355 1817 h.
1378 1787 1403 1819 l.

875 1848 928 1881 28.
961 1859 1058 1880 nunc
1096 1861 1146 1893 17.
1173 1861 1228 1882 22.
1249 1851 1306 1883 45.
1332 1860 1370 1883 ut
1404 1857 1496 1888 coni.

825 1905 1012 1938 Schrader.
1057 1906 1137 1937 Non
1159 1907 1274 1939 male!
1295 1926 1341 1932 --
1366 1909 1495 1955 inglu-

824 1963 914 1994 tisse
929 1975 979 1995 xo.
994 1982 1032 1985 —
1044 1969 1216 2005 putemus
1234 1975 1298 2007 pro
1311 1972 1493 2008 putamus

786 2046 789 2048 .
822 2021 937 2062 recepi
970 2031 1010 2051 ex
1039 2019 1094 2052 25.
1116 2021 1171 2053 m.
1193 2019 1248 2053 48.
1272 2022 1328 2055 56.
1349 2024 1497 2067 59-61.

823 2076 878 2109 65.
897 2075 971 2108 65-
985 2078 1039 2120 67.
1060 2077 1114 2121 74.

873 2154 926 2186 29.
938 2143 1250 2186 Endoperatorem
1266 2156 1316 2176 11.
1327 2144 1380 2188 74.
1395 2147 1490 2188 quod

823 2201 959 2231 restitui
982 2200 1015 2232 h.
1038 2201 1062 2231 l.
1082 2207 1116 2231 et
1141 2211 1190 2240 10,
1214 2200 1286 2233 158.
1309 2212 1372 2243 pro
1395 2205 1489 2246 πῶς.

827 2255 1135 2299 Iazduperatorem
1146 2269 1156 2287 :
1174 2269 1256 2288 nam
1272 2266 1404 2289 veteres
1415 2259 1489 2291 Ro·-

823 2315 920 2345 mani
939 2314 1031 2346 endo
1044 2337 1053 2353 ‚
1074 2312 1160 2356 (Gr.
1180 2312 1291 2354 ἔνδον)
1314 2326 1385 2347 non
1400 2316 1497 2350 indu·

825 2379 882 2401 aut
901 2370 1003 2410 inde,
1033 2381 1136 2412 §quac
1157 2370 1293 2403 librarii
1308 2372 1348 2403 vin
1367 2373 1487 2406 medio

824 2439 905 2459 aevo
928 2426 1150 2469 substituere)
1170 2438 1233 2469 pro
1255 2429 1293 2459 in
1312 2428 1487 2465 dicebant,

821 2496 852 2516 v.
872 2485 995 2521 Festus
1026 2495 1101 2515 voe.
1132 2484 1366 2519 endostruere
1378 2512 1387 2528 ,
1421 2497 1500 2519 en-·

823 2541 955 2580 doitio,
978 2539 1219 2583 endoplorato
1241 2550 1275 2574 et
1288 2544 1379 2576 endo
1394 2555 1485 2588 pro—

825 2599 968 2638 cinctu,
999 2597 1118 2629 Gifan.
1138 2597 1217 2630 Ind.
1237 2599 1383 2635 Lunx-et.
1411 2614 1485 2636 voc.

822 2654 936 2694 endo,
964 2652 1036 2687 Cic.
1059 2655 1154 2696 legg.
1174 2666 1206 2697 2,
1225 2654 1258 2689 8.
1276 2669 1331 2700 pr.
1345 2657 1440 2693 Gen.
1453 2656 1486 2700 55

839 2710 879 2753 E
909 2723 934 2752 2
