1759 3029
210 145 330 171 Lxxx
419 130 510 170 DE
558 127 696 172 SAT.
737 127 1023 168 LVCILIl
1061 127 1376 167 HORATH

212 246 400 298 diligenti
439 250 620 283 mutatae
665 243 728 282 rei
765 244 953 295 publicae
1018 243 1343 281 consideratione
1393 249 1595 292 avocaret,

207 317 298 368 ipse
343 317 478 350 autem
516 312 725 363 potentiae
772 325 939 349 securus
981 318 1108 358 esset,
1158 311 1304 349 callido
1347 312 1596 349 Maecenatis

207 382 398 428 consilio,
448 385 608 417 servata
645 385 819 417 externa
861 380 1037 417 civitatis
1066 379 1199 425 forma
1232 378 1465 429 relictisque
1504 393 1596 416 om-

206 451 324 488 nium
364 447 671 498 magistratuum
714 452 903 484 veterum
947 447 1202 494 nominibus,
1245 446 1487 493 commodis,
1514 446 1593 483 ho-

207 517 403 560 neribus,
456 528 618 552 omnem
661 513 712 551 acl
751 527 794 550 se
836 512 1025 550 trahebat
1053 520 1318 564 potestatem,
1361 519 1402 550 et
1433 514 1595 564 plebem

206 592 291 624 tam
319 582 644 633 congiariorum,
687 594 805 632 quam
833 581 1181 632 spectaculorum,
1221 595 1437 618 munt-runi
1470 580 1594 616 ludo-

207 665 380 704 rumque
412 649 677 695 adsiduitate,
707 648 903 684 varietate
937 654 979 684 ct
1012 649 1310 698 magnificentia
1347 649 1390 685 111
1428 654 1594 698 turpem

206 720 399 760 inertiam
436 724 556 769 atque
579 714 836 766 torpedinem
866 715 1114 762 resolvebat,
1146 714 1329 752 homines
1364 720 1498 751 autem
1528 728 1594 751 sa·-

207 788 336 827 nioris
377 785 526 823 mentis
569 789 657 820 tum
692 781 902 819 beneficiis
936 781 1241 833 honoribusque
1275 781 1350 819 sibi
1384 781 1594 818 devincie-

202 857 296 904 bat,
337 860 426 891 tum
459 851 509 889 ad
545 849 680 887 studia
711 850 916 886 excitabat
953 849 1103 887 artium
1138 849 1452 900 literarumque,
1492 862 1594 900 qua—

205 938 297 963 rum
340 932 519 959 amorem
570 917 680 954 inani
720 917 848 954 laudis
896 916 1119 967 cupiditate
1163 915 1308 952 ductus
1366 917 1593 953 simulabat.

202 993 352 1042 Magna
397 1000 537 1025 rerum
585 985 758 1022 mutatio
815 996 965 1022 novam
1019 982 1239 1034 loquendi,
1291 983 1496 1032 cogitandi
1550 989 1593 1021 et

199 1057 344 1109 agendi
386 1055 587 1093 rationem
638 1051 879 1095 inducebat,
934 1057 975 1088 et
1030 1051 1073 1087 111
1117 1049 1255 1088 10011111
1285 1050 1440 1088 liberae
1466 1051 1592 1100 vocis,

201 1128 301 1165 olim
331 1124 398 1163 vel
432 1122 595 1172 scriptis
625 1133 860 1172 expressae,
886 1118 953 1156 vel
976 1118 1097 1155 toties
1128 1118 1172 1155 in
1201 1118 1486 1166 concionibus,
1516 1132 1591 1156 cu·

198 1195 294 1243 riis,
323 1191 416 1229 soro
450 1196 491 1226 et
516 1188 662 1226 rostris
692 1187 876 1234 auditae,
906 1200 1014 1224 nunc
1043 1186 1286 1225 succedebat
1317 1186 1447 1223 oratio
1487 1185 1591 1223 adu-

198 1262 376 1300 latorum
393 1289 404 1307 ,
442 1255 779 1294 calumniatorum
799 1260 841 1291 et
867 1267 1098 1302 servorum,
1129 1254 1200 1305 qui
1223 1268 1265 1290 se
1297 1259 1406 1298 totoss
1440 1253 1489 1290 ad
1513 1253 1591 1292 do-

197 1329 297 1366 mini
331 1325 546 1364 arbitrium
587 1319 813 1372 nutumque
843 1321 1057 1372 fingebant.
1113 1321 1224 1358 Hinc
1262 1335 1361 1358 vera
1393 1321 1592 1373 eloquen-

195 1396 255 1433 tia
285 1393 485 1431 Cicerone
521 1395 665 1427 necato
703 1389 1030 1436 obmutescebat,
1062 1394 1104 1425 et
1135 1394 1281 1439 poetae
1316 1395 1473 1427 tantum
1504 1403 1589 1428 non

198 1475 336 1501 omnes
372 1464 487 1497 erant
521 1458 747 1495 imitatores
779 1469 942 1493 servum
978 1469 1114 1506 pecus.
1171 1455 1314 1493 Nihilo
1348 1463 1482 1495 tamen
1519 1472 1588 1494 se-

196 1530 282 1567 cius
313 1527 518 1564 sacculum
556 1525 730 1574 Augusti
763 1524 892 1560 multo
929 1523 1073 1559 melius
1100 1522 1343 1574 feliciusque
1376 1531 1463 1562 erat
1509 1539 1586 1563 ex-

196 1596 339 1634 tremis
379 1594 533 1630 liberae
574 1592 638 1630 rei
672 1591 860 1642 publicae
901 1591 1166 1641 temporibus.
1222 1592 1418 1642 Princeps
1451 1594 1586 1643 impe-

160 1691 163 1694 ·
195 1665 259 1702 rio
303 1663 482 1713 quietem
528 1665 648 1710 atque
687 1659 925 1709 (lignitatem
961 1658 1198 1709 civibusque
1235 1672 1420 1697 securam
1457 1660 1585 1698 bono-

192 1745 286 1769 rum
322 1728 617 1780 possessionem
658 1725 877 1772 reddebat,
927 1731 969 1761 et
1000 1725 1126 1763 multa
1158 1726 1260 1763 vitia
1291 1740 1433 1764 severe
1466 1741 1586 1764 coer-

195 1799 312 1836 cebat
339 1796 496 1846 legibus
524 1794 811 1832 saluberrimis.
871 1790 966 1842 lpse
1001 1793 1144 1841 etiam,
1183 1795 1366 1844 quamvis
1399 1795 1442 1831 111
1482 1794 1584 1831 ado—

191 1863 386 1904 lescentia
418 1862 663 1900 dedecorum
695 1859 964 1912 quorumdam
999 1866 1040 1896 et
1074 1860 1117 1896 in
1148 1860 1413 1897 triumviratu
1449 1861 1583 1898 sacvi-

193 1933 276 1978 tiae
322 1929 533 1967 infamiam
572 1929 772 1975 subierat,
816 1932 954 1977 postea
988 1927 1140 1976 magnis
1174 1927 1400 1964 virtutibus
1432 1942 1582 1978 pensa-

191 2001 263 2038 bat
303 1997 406 2036 vitia
442 2001 484 2032 et
536 1995 710 2032 clemens
758 1999 845 2031 erat
884 1993 1072 2030 dominus
1107 2007 1151 2030 ac
1181 2001 1397 2045 patronus,
1428 1995 1581 2034 amicus

192 2066 317 2105 comis
349 2079 392 2101 ac
429 2063 584 2110 fidelis,
614 2063 744 2099 bonus
775 2059 1065 2112 paterfamilias
1092 2066 1133 2097 et
1169 2061 1420 2112 Imperator,
1447 2077 1582 2115 neque

192 2134 327 2173 Patris
367 2131 524 2184 patriae
566 2129 732 2167 nomine
770 2128 970 2178 indignus.
1038 2127 1152 2165 Idem
1178 2135 1283 2166 artes
1308 2130 1580 2183 scientiasque

191 2202 361 2242 fovebat
386 2205 427 2237 et
461 2199 570 2236 cives
605 2195 655 2234 ad
688 2197 887 2235 virtutem
921 2197 955 2232 si
988 2209 1070 2233 non
1111 2196 1343 2245 colendam,
1373 2204 1486 2235 certe
1521 2199 1579 2236 si-

191 2267 433 2315 milandam,
462 2264 652 2317 praemiis
674 2264 897 2315 poenisque
934 2263 1142 2300 incitabat.
1200 2264 1339 2301 Decor
1365 2264 1504 2316 itaque
1535 2271 1578 2303 et

190 2335 399 2382 honestas,
441 2331 639 2371 iudicium
695 2336 736 2368 et
775 2345 914 2368 sensus
942 2331 1055 2377 veri,
1083 2331 1181 2367 boni
1214 2344 1258 2367 ac
1286 2331 1441 2381 pulcri,
1470 2345 1577 2370 non-

191 2402 289 2440 dum
323 2401 441 2453 plane
472 2400 674 2438 exstincta
712 2404 847 2446 crant,
876 2403 917 2435 et
938 2398 1186 2438 acuebantur
1209 2398 1422 2436 literarum
1456 2412 1576 2449 grae-

189 2483 330 2508 carum
361 2467 516 2515 studio,
546 2466 655 2519 quod
691 2465 821 2503 adhuc
849 2465 1021 2516 vigebat.

299 2537 388 2574 Hae
419 2541 550 2572 aetate
588 2535 654 2584 (ab
685 2549 715 2572 a.
759 2533 810 2571 V.
843 2532 996 2583 0..689.
1031 2531 1081 2569 ad
1110 2546 1142 2569 a.
1174 2530 1282 2584 746.)
1312 2534 1420 2571 vixit
1450 2534 1493 2571 H
1509 2534 1574 2572 O-

187 2601 478 2650 RATIVS,
517 2601 640 2640 homo
687 2601 826 2639 hilaris
864 2614 919 2643 „ac
954 2600 1110 2647 suavis,
1137 2601 1262 2638 comis
1299 2607 1338 2638 et
1361 2600 1571 2648 humanus,

186 2671 366 2711 urbanus
400 2675 441 2707 et
479 2669 658 2717 sac-etus,
688 2669 788 2707 levis
827 2674 868 2706 et
900 2667 1056 2707 Veneri
1083 2666 1323 2720 Bacchoque
1366 2682 1450 2707 11011
1491 2669 1571 2707 1111·-
