1759 3029
548 37 642 77 SA
680 38 717 75 Τ
748 38 767 76 Ι
798 36 898 76 RA
968 37 1102 77 XIV.

1443 50 1524 91 279

130 153 321 197 Talibus
344 158 590 196 instantem
613 156 799 195 monitis
822 168 1138 209 quemcunque
1158 161 1396 211 parentem
1424 168 1448 196 2
1463 165 1519 195 ιο

129 222 178 263 Si
211 238 392 280 possem
427 222 578 264 affari:
629 221 737 273 Dic,
773 237 799 263 o
832 225 1099 274 vanissime,
1136 225 1234 277 quis
1271 230 1315 264 te

128 288 540 340 Festinareliubet?
585 290 826 332 meliorem
861 297 1043 347 praesto
1080 293 1299 345 magistro

131 358 436 416 Discipulum.
469 374 652 401 securus
687 358 780 400 abi:
813 362 1028 411 vinceris,
1063 366 1117 399 ut
1146 356 1266 399 Aiax

129 425 369 469 Praeteriit
402 427 729 479 Telamonem,
767 436 821 469 ut
856 426 989 468 Pelea
1024 430 1133 468 vicit
1165 423 1385 467 Achilles.

128 493 414 538 Parcendum
435 500 626 538 teneris:
654 497 864 538 nondum
884 495 1134 552 implevere
1167 494 1390 535 medullas
1426 495 1522 537 215

129 562 342 606 Maturae
375 565 495 607 mala
530 568 772 621 nequitiae.

840 563 995 616 Quum
1030 571 1211 621 pectere
1247 561 1436 603 barbam

131 631 347 689 Coeperit
380 641 425 675 et
458 634 588 690 longi
622 648 890 676 mucronem
925 634 1164 676 admittere
1198 631 1354 683 cultri,

131 699 287 743 Falsus
316 705 403 743 erit
438 705 591 754 testis,
630 703 795 744 vendet
838 705 1039 758 periuijia
1070 716 1248 742 summa

129 767 310 825 Exigua
344 777 389 810 et
421 769 598 812 Cereris
633 779 823 826 tangens
858 784 1072 825 aramque
1118 770 1387 827 pedemque.

128 836 309 879 Elatam
342 840 433 880 iam
467 840 599 880 crede
629 854 824 890 nurum,
867 842 904 879 si
941 839 1101 880 limina
1136 845 1286 880 vestra

129 904 376 948 Mortifera
426 922 531 948 cum
561 908 665 949 dote
702 907 835 949 subit.

1428 851 1451 878 2
1463 851 1485 879 2
1494 849 1524 879 Ο

905 906 1079 958 Quibus
1108 907 1189 948 illa
1217 915 1458 964 premetur

129 972 219 1017 Per
243 989 459 1016 somnum
488 976 664 1031 digitis!
694 991 799 1017 nam
831 991 944 1032 quae
975 984 1186 1031 terraque
1219 978 1425 1031 marique

127 1040 422 1098 Aequirenda
454 1051 609 1102 putaS,
649 1043 833 1085 brevior
868 1048 938 1086 via
974 1043 1180 1086 conferet
1205 1044 1288 1085 illi.

127 1108 300 1154 Nullus
325 1115 445 1153 enim
471 1116 624 1168 magni
648 1113 829 1155 sceleris
850 1113 991 1154 labor.
1026 1111 1151 1154 Haec
1175 1127 1255 1168 ego
1274 1125 1526 1167 numquam

177 1290 255 1312 211.
287 1289 442 1322 possum
464 1289 515 1311 10.
540 1278 591 1310 13.
618 1277 657 1312 15
676 1296 722 1304 --
739 1280 795 1312 2‘3.

133 1335 306 1370 δὶα-60.
340 1335 395 1368 62.
435 1335 597 1378 64—69.
634 1335 798 1379 71—74.

121 1398 284 1437 possunt
311 1404 367 1435 27.
392 1391 447 1424 48.
480 1393 534 1425 61.
562 1391 618 1425 65.
644 1411 688 1417 -—
714 1393 795 1424 dico

127 1461 184 1494 27.
205 1449 259 1482 61.
280 1450 334 1483 62.
359 1448 413 1480 63.

178 1518 256 1540 212.
283 1503 595 1549 Festinarefacit
619 1507 670 1539 16,

177 1563 255 1597 213.
281 1562 363 1594 abis
387 1563 444 1595 66.

178 1622 257 1653 214.
284 1626 321 1651 et
349 1618 460 1650 Pelea
487 1618 537 1651 15.

131 1678 246 1711 23.—-
267 1676 382 1709 vincit
406 1676 464 1708 18.

594 1624 662 1650 aut
693 1618 803 1650 Pelea

181 1735 257 1767 215.
282 1732 509 1766 Parcendum
532 1733 666 1764 teneris
683 1745 733 1765 10.
754 1745 803 1775 17.

133 1801 173 1826 ut
191 1791 358 1835 {xp-Virg,
383 1788 449 1820 Ge.
471 1788 518 1827 II,
550 1789 628 1821 5135.
651 1788 693 1822 Id
715 1790 803 1821 sub-

132 1850 231 1883 stitui
265 1857 329 1890 pro
355 1846 452 1888 vulg.
484 1846 711 1878 Parcendum
749 1852 806 1877 est

131 1905 279 1940 teneris.
304 1903 455 1936 Librarii
478 1904 803 1934 sexcentiesincul-

133 1971 258 1996 carunt
296 1968 372 2000 est,
420 1960 481 1992 ubi

134 2019 228 2053 illud
251 2020 413 2050 omittere
439 2018 540 2049 solet.
575 2018 804 2051 Parcendum

136 2082 192 2109 est
201 2076 328 2120 pueris
352 2085 406 2107 22.

182 2131 260 2166 216.
301 2132 471 2164 Naturae
508 2130 606 2163 mala
641 2129 806 2175 nequitia

307 2189 482 2220 Matutae
515 2188 565 2220 14.
606 2188 654 2220 15.
677 2187 728 2220 16.
751 2186 806 2218 23.

140 2246 197 2279 24.
218 2245 274 2277 48.
303 2243 358 2287 59.
389 2245 444 2277 65.
463 2257 482 2287 7
500 2259 517 2276 ·.
543 2257 595 2288 77.
621 2244 676 2276 82.
723 2243 808 2275 Na·-

142 2308 250 2334 turae
289 2304 452 2335 10—13.
481 2312 519 2344 17
534 2313 643 2333 ——22.
678 2300 733 2332 25.
754 2299 809 2332 26.

141 2370 198 2402 27.
220 2357 386 2401 45—-49-
414 2355 579 2390 54—58.
599 2356 655 2389 60.
679 2355 734 2400 75.
755 2356 811 2399 76.

143 2427 216 2447 non
240 2412 394 2457 improb.
413 2411 582 2446 Schurzfl.
599 2422 637 2445 ut
656 2412 813 2445 medulla

522 1959 616 1993 bona
649 1961 803 1992 latinitas

139 2194 195 2222 est
228 2201 256 2221 1.

143 2477 304 2504 naturae
324 2470 478 2501 maxima
510 2469 645 2502 dicatur
665 2469 814 2510 κακοζη-

144 2528 216 2563 λία.
282 2526 384 2559 Idem
425 2536 466 2556 ex
503 2527 681 2568 antiquiss.
716 2525 822 2558 MSS.

144 2585 256 2620 Paris.
275 2583 521 2628 restituit-Ach.
541 2585 736 2626 et⁴exponit
760 2584 827 2616 ita:

854 1278 1014 1311 nondum
1038 1277 1224 1321 implevere
1244 1278 1433 1319 medullas,
1459 1289 1526 1322 pe-

855 1339 950 1368 nitus
969 1338 1002 1368 in
1027 1345 1181 1376 teneros,
1201 1337 1381 1379 simplices
1406 1343 1439 1366 et
1461 1334 1527 1366 ad-

856 1393 923 1425 huc
955 1399 1113 1424 naturae
1151 1391 1289 1424 deditos
1316 1400 1529 1435 penetravee-

856 1459 938 1482 runt
958 1462 1079 1481 eorum
1094 1451 1240 1488 animos,
1251 1448 1412 1480 nondum
1429 1447 1527 1478 venis

860 1506 1099 1548 medullisque
1126 1507 1229 1538 infixa
1260 1505 1405 1537 haerent
1428 1501 1530 1535 mala

859 1563 1054 1608 nequitiae.
1066 1563 1242 1595 scelerum
1251 1563 1416 1594 omnium
1425 1562 1529 1604 prin-

860 1621 961 1661 eipia,
983 1620 1128 1650 semina.
1174 1619 1337 1651 Nativae
1361 1617 1416 1650 50.
1437 1617 1529 1648 61-

861 1676 916 1708 64.
944 1675 987 1707 66
1000 1675 1109 1718 ---69.
1148 1676 1310 1718 71—74.
1353 1686 1424 1708 non
1452 1675 1528 1705 im·-

860 1732 961 1775 prob.
978 1732 1018 1763 H.
1032 1731 1204 1764 Vales.-
1221 1733 1306 1765 Mox
1324 1739 1402 1763 ante
1420 1741 1529 1776 quum

862 1790 1033 1820 insertum
1062 1797 1112 1821 est
1139 1789 1217 1822 Ast
1249 1791 1285 1821 in
1312 1789 1364 1821 14.
1394 1799 1450 1831 70.
1470 1787 1527 1819 82.

863 1845 959 1887 quod
988 1847 1127 1887 extrusi,
1153 1847 1322 1888 quoniam
1353 1844 1450 1877 abest
1483 1843 1527 1875 ab

865 1902 1026 1934 10-13,
1052 1902 1214 1946 15—27.
1235 1902 1401 1935 45-50.
1429 1902 1530 1935 54--

861 1960 916 2003 69.
951 1970 1114 2003 71-77,
1146 1968 1179 1990 et
1212 1960 1528 2003 interpolationem

860 2015 1010 2048 redolet.
1028 2034 1074 2041 --
1097 2022 1250 2060 pectore
1274 2018 1325 2050 16.
1339 2028 1394 2049 2..

909 2118 988 2151 219.
1017 2106 1153 2149 Copula
1174 2113 1211 2138 et
1231 2107 1328 2138 abest
1357 2105 1400 2136 ab
1434 2115 1531 2136 1ο-

867 2164 919 2197 13.
954 2164 1048 2196 15—
1063 2175 1117 2207 27.
1163 2163 1259 2196 45-
1274 2162 1330 2195 50.
1363 2161 1527 2204 54—69.

867 2221 1031 2265 71—74.
1057 2233 1112 2264 77.
1132 2238 1178 2245 —
1201 2226 1399 2264 tegensque
1410 2228 1534 2249 aram-

866 2289 934 2323 que
953 2290 1008 2310 21.

916 2353 993 2385 225.
1034 2351 1276 2396 Anquirenda
1304 2361 1409 2392 reete,
1441 2359 1539 2394 puto,

871 2409 1012 2443 emend.
1031 2408 1163 2450 Graug.
1185 2419 1215 2440 v.
1236 2408 1279 2440 ad
1299 2410 1347 2442 VI
1361 2435 1370 2450 ,
1395 2410 1473 2443 501.
1495 2426 1542 2437 -ν

867 2472 978 2512 putes
1003 2466 1055 2499 18.
1078 2476 1129 2509 19.
1150 2466 1204 2497 23.
1225 2477 1281 2509 27.
1301 2465 1345 2498 46
1359 2465 1468 2499 —50.
1487 2464 1543 2498 54.

880 2524 934 2556 55.
960 2522 1015 2554 50.
1034 2522 1198 2565 59—64.
1229 2522 1284 2557 65.
1302 2523 1356 2557 68.
1376 2522 1429 2569 69.
1449 2535 1547 2568 71—-

883 2585 939 2624 7‘2·
963 2591 1017 2623 77·
