1759 3029
281 156 361 209 278

639 156 692 195 D.
736 156 869 196 IVN.
910 155 1304 196 IVVENALIS

280 271 347 312 Ut
378 272 656 329 locupletem
686 274 884 329 aquilam
917 274 1000 316 tibi
1046 275 1346 329 sexagesimus
1389 286 1535 314 annus

278 339 484 392 Afferat3
520 349 621 393 aut,
660 342 819 397 longos
849 351 1104 384 castrorum
1134 341 1254 382 ferre
1287 339 1465 382 labores

278 407 324 448 Si
356 413 480 465 piget
515 417 559 450 et
594 413 825 467 trepidum
860 411 1047 453 solvunt
1081 409 1162 450 tibi
1206 423 1378 450 cornua
1417 416 1624 463 ventrem

280 476 397 518 Cum
432 477 556 518 lituis
593 481 764 531 audita,
801 495 956 536 pares,
997 478 1120 534 quod
1148 477 1344 519 vendere
1385 480 1528 533 possis
1564 487 1659 518 200

278 543 430 587 Pluris
469 546 673 599 dimidio,
722 562 806 588 nec
844 556 884 589 te
918 546 1096 588 fastidia
1127 548 1287 586 mercis

278 611 433 654 Ullius
470 615 658 656 subeant
694 616 964 670 ablegandae
1002 614 1207 655 Tiberim
1240 613 1387 656 ultra:

277 679 382 722 Neu
413 683 565 723 credas
597 685 864 739 ponendum
898 683 1067 737 aliquid
1101 683 1372 723 discriminis
1405 683 1526 722 inter

278 748 528 805 Unguenta
557 759 600 792 et
637 754 824 793 corium.

279 817 504 869 Qualibet.

892 749 1036 792 Lucri
1076 749 1223 790 bonus
1269 757 1336 790 est
1367 749 1480 790 odor
1514 761 1572 788 ex
1613 759 1665 787 re

572 817 659 860 Illa
695 827 774 860 tuo
812 822 1037 860 sententia
1071 832 1251 874 semper
1294 820 1343 858 in
1383 830 1463 858 ore

1568 813 1664 856 205

278 883 527 937 Versetur,
557 885 646 928 DIs
682 894 816 943 atque
852 891 953 944 ipso
983 886 1091 928 Iove
1127 887 1274 942 digna,
1310 892 1495 942 poetae:

277 953 415 996 Unde
444 954 838 1011 habeas‚.quaerit
872 970 1033 1006 nem03
1067 957 1145 997 sed
1180 961 1364 1011 oportet
1387 952 1568 993 habere.

277 1019 381 1064 Hoc
416 1032 678 1064 monstrant
707 1024 885 1066 vetulae
917 1026 1071 1081 pueris
1113 1021 1377 1079 repentibus
1419 1033 1565 1061 assae:

277 1088 382 1132 Hoc
419 1092 600 1133 discunt
633 1106 790 1134 omnes
823 1099 927 1134 ante
962 1090 1099 1150 alpha
1129 1099 1172 1132 et
1205 1091 1308 1132 beta
1341 1088 1536 1147 puellae.

327 1266 404 1311 198.
432 1272 475 1297 at
495 1277 546 1299 11.
568 1266 619 1299 15.
643 1268 693 1300 16.
716 1273 752 1299 et
773 1267 827 1301 45.

329 1334 403 1366 ¹99·
429 1323 568 1366 trepido
584 1334 635 1355 ιο.
651 1336 701 1357 11.
726 1335 776 1356 12.
801 1325 944 1370 16-27.

276 1377 443 1413 45-50-
465 1381 519 1413 5«.
549 1379 602 1412 55.
626 1379 791 1425 ,ἦέ-69.
816 1394 868 1425 Τ1.
889 1394 941 1425 72·

278 1436 333 1480 73.
368 1446 400 1468 et
427 1448 549 1468 omnes
579 1435 682 1468 codd.
712 1437 819 1470 Paris.
848 1440 943 1482 quod

277 1495 428 1525 restitnit
447 1493 534 1524 Ach.
553 1501 690 1535 putans,
719 1495 785 1526 hoc
808 1496 944 1529 doctius

281 1561 374 1590 esse,
408 1549 504 1592 quod
528 1550 615 1580 mihi
642 1562 740 1582 secus
768 1552 916 1584 videtur.

327 1607 405 1639 203.
428 1608 485 1638 Ne
505 1607 560 1639 63.
619 1608 697 1639 Nec
736 1608 786 1640 15.
823 1621 873 1653 ¹7·
900 1608 950 1641 18-

281 1665 336 1697 25.
364 1664 419 1696 25.
449 1675 504 1696 2-.
524 1663 690 1696 45—50.
717 1664 877 1699 54—(12.
907 1667 952 1699 64

280 1722 394 1765 -ν--Ες-
429 1733 588 1764 71—71.
638 1720 775 1753 Eadem
805 1725 950 1754 varietas

284 1786 335 1811 est
363 1790 421 1820 ap.
443 1778 540 1820 Virg.
567 1778 632 1809 Ge.
658 1778 725 1818 lV,
758 1785 814 1821 ³17·
847 1787 880 1811 et
907 1781 952 1811 al.

283 1834 501 1876 debeturque
521 1835 683 1874 librariis,
720 1837 779 1876 qui
806 1837 952 1878 ignora—

283 1891 390 1930 bant,
431 1903 500 1924 neu
538 1893 594 1923 vel
619 1902 707 1924 neve
732 1895 861 1935 passim
888 1904 951 1936 pro

283 1958 349 1979 nec
370 1950 469 1990 poni.

295 2016 412 2046 -20ss,
441 2022 560 2058 poeta
598 2015 632 2049 8.
677 2016 728 2048 15.
767 2027 822 2049 21.
850 2017 951 2060 prob.

285 2071 376 2104 Pith.
404 2071 475 2104 Sed
499 2074 624 2115 iunge:
661 2073 846 2104 sententia
858 2084 954 2117 poe-

287 2133 361 2159 tae.

331 2192 411 2229 208.
437 2194 543 2226 Haec
560 2204 616 2226 20.
628 2194 802 2237 —pueris
813 2193 956 2226 vetulae

292 2263 343 2284 1ο.
369 2263 381 2284 1
391 2263 408 2294 7
419 2269 465 2275 -—
475 2252 530 2283 24.
547 2250 604 2283 45.
616 2269 660 2274 —-
671 2249 878 2295 repentibus
889 2262 955 2283 as-

288 2320 354 2341 sae
380 2320 408 2341 1.
427 2319 480 2341 10.
509 2308 560 2341 14.
580 2303 633 2352 7o.
656 2308 709 2351 75.
735 2308 789 2351 76.
819 2319 872 2351 77.
894 2306 951 2339 82.

286 2364 530 2409 repetentibus
555 2377 674 2398 assem
698 2376 753 2398 21.
773 2363 829 2396 24.
859 2363 955 2406 quod

290 2425 381 2454 coni.
408 2423 576 2455 Schurzss.
612 2423 694 2454 coll.
714 2422 754 2462 V,
787 2422 861 2454 145.
878 2431 956 2464 po-

289 2478 474 2511 ,mentibus
497 2489 613 2510 assem
630 2491 680 2511 11.
711 2490 761 2512 12.
791 2477 954 2510 15-20.

289 2545 344 2566 22.
369 2534 424 2567 23.
446 2534 503 2568 25.
529 2546 584 2578 27.
608 2535 768 2567 45-50.
792 2534 954 2579 54—69.

292 2602 330 2633 71
347 2592 456 2632 —74.
480 2600 513 2623 et
537 2592 698 2634 plerique
725 2591 827 2623 codd.
847 2591 954 2623 Paris.

295 2646 422 2690 probb.
454 2647 609 2691 Grang.‚
654 2649 781 2690 Rigalt.
815 2656 849 2680 et
876 2647 963 2681 Ach.

296 2705 380 2736 coll.
404 2704 531 2738 eodem
553 2707 633 2738 loco
653 2718 728 2750 sup.
746 2708 791 2748 V,
817 2704 889 2740 244.
904 2706 963 2748 qui

998 1279 1079 1300 sane
1104 1267 1185 1298 huic
1210 1266 1355 1296 lectioni
1381 1265 1491 1305 favet,
1522 1262 1578 1294 vel
1600 1273 1670 1305 po-

999 1326 1068 1356 tius
1112 1324 1212 1355 alteri
1257 1319 1500 1365 repetentibus
1543 1331 1672 1360 assem,

1000 1391 1088 1423 quae
1118 1379 1160 1411 ad
1185 1388 1341 1411 nostram
1365 1381 1507 1421 propius
1537 1377 1674 1409 accedit

1002 1446 1035 1469 et
1061 1439 1196 1481 peperit
1230 1438 1390 1468 tertiam:
1430 1433 1672 1477 poscentibus

1003 1496 1098 1525 enim
1125 1503 1174 1525 est
1196 1495 1333 1535 glossa,
1369 1493 1475 1524 verbo
1508 1498 1674 1535 repeten-

1006 1550 1105 1582 tibus
1141 1550 1325 1593 adscripta.
1382 1549 1453 1581 Sed
1482 1558 1674 1590 utrumque

1008 1608 1099 1639 sorte
1133 1609 1284 1650 petitum
1324 1619 1364 1640 ex
1398 1608 1442 1646 V,
1476 1607 1549 1639 144.
1597 1606 1675 1637 No-

1008 1672 1115 1696 stram
1150 1665 1342 1695 lectionem
1366 1665 1502 1706 primus
1532 1674 1676 1694 revoca·-

1011 1723 1057 1752 vit
1092 1719 1213 1752 Carrio
1242 1720 1445 1752 Emendatt.
1467 1720 1514 1761 ΙΙ,
1540 1731 1573 1764 9.
1612 1719 1674 1752 ubi

1011 1789 1050 1809 ex
1063 1777 1179 1809 Nonio
1207 1785 1341 1817 monet,
1365 1788 1488 1809 assam
1513 1776 1583 1808 dici
1605 1787 1677 1808 nu-

1009 1836 1145 1874 tricem,
1181 1833 1277 1876 quod
1293 1846 1432 1877 semper
1449 1835 1546 1867 assit
1566 1847 1591 1866 s.
1605 1835 1677 1865 ad-

1008 1892 1059 1924 sit
1088 1893 1148 1931 iis,
1185 1903 1271 1933 quos
1304 1892 1445 1924 nutriat.
1480 1891 1552 1923 Sed
1577 1900 1679 1923 vetus

1009 1947 1129 1980 schol.
1172 1956 1240 1980 est:
1291 1946 1418 1988 „Assa
1449 1948 1577 1980 dicitur
1604 1960 1676 1980 nu-

1009 2007 1077 2036 trix
1101 2007 1191 2037 sicca
1222 2005 1311 2045 (sole
1347 2006 1512 2045 colorata,
1539 2005 1678 2047 rugosa)

1011 2070 1045 2093 et
1081 2069 1222 2101 vetusta,
1260 2071 1349 2102 quae
1382 2061 1435 2092 lac
1470 2073 1541 2093 non
1571 2073 1678 2104 prae—

1011 2125 1076 2149 stat
1110 2117 1315 2156 iufaufibus,
1353 2117 1416 2149 sed
1443 2119 1556 2150 solam
1589 2117 1678 2150 dili-

1011 2176 1166 2216 gentiam
1193 2182 1227 2205 et
1246 2173 1461 2206 munditiam
1489 2174 1641 2207 adhibet.
1659 2177 1681 2194 “

1013 2231 1130 2263 Gloss.
1154 2239 1236 2262 vett.
1286 2229 1442 2271 ‚,Assae,
1463 2232 1678 2274 adsestrices‚

1011 2286 1232 2330 ἅναγετριαι,
1262 2299 1339 2324 ταις
1369 2299 1566 2327 τικτουσαις
1592 2288 1680 2331 ὑπη-

1014 2354 1193 2388 ρετουσαι,
1229 2344 1418 2386 aliquando
1454 2348 1560 2379 etiam
1593 2358 1680 2391 τρο-

1013 2403 1108 2444 φοι.“
1140 2400 1284 2433 vetulae
1302 2405 1429 2445 pueris
1440 2403 1681 2448 poscentibus

1011 2468 1122 2489 assae
1142 2458 1280 2499 legebat
1300 2461 1344 2493 Is.
1366 2460 1513 2494 Pontau.
1534 2460 1578 2492 ad
1599 2461 1680 2492 Ma-

1013 2513 1108 2546 crob.
1132 2515 1215 2549 VH.

1058 2603 1135 2636 209.
1158 2593 1261 2626 Haec.
1288 2605 1401 2639 19.-—
1425 2593 1538 2638 alpha
1563 2599 1604 2625 et
1624 2592 1680 2624 vi-

1020 2654 1062 2680 ta
1086 2660 1120 2680 11
1146 2661 1163 2680 a
1188 2663 1235 2683 m.
1255 2663 1324 2686 sec.
1350 2661 1384 2685 et
1413 2651 1469 2685 64.
1499 2649 1553 2682 Cf.
1573 2649 1683 2683 Vale-

1021 2707 1115 2739 siana
1142 2719 1175 2751 p.
1201 2708 1278 2742 205.
