1759 3029
472 134 1043 179 ROMANORVM

1293 151 1456 180 xxxvu

65 243 290 303 harumque
323 248 482 299 choris,
513 251 708 303 (quorum
746 257 909 301 cantus,
947 266 1036 290 cum
1075 254 1228 292 musica
1255 260 1296 292 et
1331 255 1455 293 salta-

65 321 176 358 tione
219 318 452 367 coniuncti,
483 331 567 357 non
605 333 836 367 sermones,
879 333 972 357 cum
1004 321 1163 357 actione
1195 322 1456 372 potissimum

61 385 262 437 copulati,
290 385 446 423 mediae
483 385 715 424 comoediae
747 387 1002 438 temporibus
1037 388 1296 437 conticuere,
1337 396 1455 441 post-

61 444 180 506 quam
215 452 378 504 publica
412 453 500 503 lege
530 465 613 490 non
645 452 814 501 chorus,
841 454 911 490 sed
943 453 1139 491 maledica
1171 454 1255 491 eius
1290 456 1457 494 licentia

58 521 218 558 sublata
262 525 372 567 erat,
412 526 454 557 ct
495 521 680 571 ingentes
734 527 916 568 sumtus,
960 522 1003 558 in
1051 521 1159 558 illius
1216 530 1455 574 apparatum

57 586 379 639 impendendos,
406 587 517 625 ultra
537 587 798 639 suppeditare
836 595 1125 626 recusaverant
1159 588 1210 637 ii,
1242 603 1342 641 quos
1381 592 1454 628 ille

57 655 216 706 saepius
251 655 516 706 acerbiusque
550 656 873 706 perstrinxerat,
943 655 993 693 dc·
1030 669 1109 707 quo
1145 669 1183 693 v.
1219 657 1292 694 cel,
1322 656 1453 695 Eich-

58 722 192 760 staedt
235 721 284 759 de
319 721 444 758 dram.
481 722 624 759 Graec.
668 725 1008 774 c0111ico-sat.p.
1050 723 1135 771 73.)
1167 724 1346 761 maxime
1376 723 1454 761 do-

57 790 290 828 minabatur
318 789 594 839 intemperans
618 789 688 826 illa
723 789 938 827 cavillandi
978 790 1213 841 civiumque
1258 790 1453 829 deriden—

56 857 203 910 dorum
246 855 386 893 libido.
442 854 638 893 Eamdem
671 870 770 894 vero
815 856 1023 909 spirabant
1067 870 1151 895 non
1187 857 1309 895 modo
1351 858 1454 896 dra-

57 926 216 961 maliea
252 922 509 960 Graecorum
541 925 742 973 carmina,
773 924 843 961 sed
876 924 999 961 etiam
1037 926 1187 974 epica,
1229 926 1289 973 (v.
1325 938 1358 962 c.
1397 925 1455 964 il-

54 991 151 1039 lud,
191 990 300 1043 quod
344 990 588 1041 inscriptum
631 997 693 1029 est
735 992 959 1044 ff‘Iocpyt'tvyg·
1009 996 1050 1028 et
1096 1005 1313 1043 perperam
1357 991 1452 1031 Ho—

55 1071 172 1097 mero
193 1058 412 1106 tribuitur,
443 1058 493 1096 de
527 1072 608 1110 quo
644 1073 684 1097 v.
716 1059 875 1097 Fabric.
907 1059 1012 1097 Bibl.
1045 1058 1190 1096 Graec.
1221 1059 1262 1098 V
1264 1059 1315 1097 ol.
1347 1059 1378 1097 Ι.
1408 1073 1450 1111 p.

54 1211 169 1256 Satyri
194 1222 380 1254 personam
418 1220 451 1244 et
476 1223 592 1244 mores
625 1220 723 1254 gestu

55 1270 218 1302 iuberent
267 1278 369 1311 atque
413 1269 535 1302 habitu
578 1270 723 1302 referre.

51 1326 164 1369 Quod
195 1325 339 1368 quidem
372 1335 555 1369 poetarum
581 1328 724 1358 institu-

52 1391 133 1415 tum
155 1382 293 1415 mediae
326 1385 363 1415 in
394 1385 518 1426 primis
552 1396 595 1415 ae
616 1395 723 1415 novae

54 1430 269 1472 Comoedia'e
312 1440 532 1483 temporibus
577 1442 723 1472 mirifice

55 1497 238 1528 iuvahaun·
262 1498 391 1539 insigni
418 1498 480 1528 illa
494 1509 724 1540 personarum

54 1564 117 1584 seu
139 1554 324 1593 larvarum,
343 1554 470 1595 quibus
489 1556 647 1586 instructi
666 1554 725 1586 hi-

55 1611 203 1648 striones
233 1609 440 1652 prodibant,
491 1619 525 1642 et
561 1613 724 1643 varietate

57 1673 93 1697 et
118 1665 354 1698 deformitate.
401 1666 481 1707 Quo
514 1669 626 1708 magis
660 1680 725 1698 au-

58 1731 134 1754 tem
168 1723 282 1766 Satyri
324 1730 401 1753 tuni
441 1725 595 1765 corporis
625 1724 727 1761 vitiis,

54 1787 134 1811 tum
175 1780 311 1810 lascivie
346 1780 513 1819 omnique
555 1778 726 1810 dedecore

54 1844 153 1867 erant
175 1835 343 1878 infames3
389 1846 429 1865 eo
464 1835 616 1876 amplior
639 1847 725 1876 sup-

52 1892 194 1936 petebat
218 1893 329 1934 poetis
362 1891 405 1923 ad
429 1890 619 1923 iocandum
645 1903 725 1923 nia-

53 1948 354 1990 ledicendumque
390 1950 572 1988 materies,
591 1960 725 1990 ‘eoque

48 2005 262 2038 ’ducendum
316 2014 387 2037 erat
446 2007 725 2047 ignominiosius,

55 2062 262 2107 Satjrorum
288 2062 413 2095 habitu
449 2062 616 2094 indutum
642 2074 724 2094 exa—

55 2121 159 2163 gitari
196 2121 233 2152 in
269 2120 415 2151 theatro.
452 2139 498 2144 —
545 2119 586 2162 5)
616 2119 726 2151 Aliud

57 2177 247 2209 discrimen
303 2178 507 2209 cernebatur
558 2179 594 2208 in
617 2183 622 2189 '
646 2178 726 2208 loco

48 2228 204 2268 factionis
231 2234 419 2276 deligendo
446 2245 616 2276 scenaque
642 2233 727 2265 dra-

57 2293 161 2323 matis
204 2291 416 2325 instruenda.
490 2292 581 2324 Nam
615 2302 728 2333 quum

58 2349 183 2389 tragici
221 2357 356 2391 poetae,
393 2352 547 2391 priscum
588 2360 728 2380 morem

59 2405 170 2436 secuti
187 2430 196 2445 ,
219 2405 347 2437 Silenis
374 2418 412 2437 ac
438 2405 569 2450 Satyris
592 2407 726 2448 prima-

59 2463 128 2493 rias
155 2461 321 2502 quasdam
355 2472 467 2505 partes
503 2462 726 2494 detulissent:

60 2525 353 2560 consentaneum,
387 2521 439 2550 uti
467 2528 555 2558 crat,
588 2521 634 2551 ita
659 2531 728 2562 pn-

60 2575 191 2616 tabant,
214 2586 353 2606 scenam
377 2577 450 2607 ruri
473 2578 604 2618 aperire
629 2587 729 2608 eam-

61 2643 129 2674 que
156 2642 279 2663 ornare
309 2632 508 2674 arboribus,
543 2634 731 2675 speluncis,

61 2689 246 2722 montibus
279 2689 495 2732 reliquisque
538 2690 731 2734 agrestibus

779 1212 894 1252 rebus,
921 1215 955 1246 in
980 1214 1120 1255 topiarii
1151 1213 1264 1255 operis
1297 1213 1452 1254 speciem

782 1269 998 1309 deformatis,
1014 1271 1180 1311 quoniam
1191 1269 1343 1301 Bacchus
1357 1271 1453 1300 eius-

783 1338 849 1368 que
875 1329 960 1358 socii
984 1327 1157 1358 silvestres
1184 1326 1298 1357 coiere
1329 1326 1451 1367 regio-

782 1396 843 1415 nes
876 1396 914 1415 ac
948 1384 1170 1424 frequentare
1207 1382 1454 1414 credebantur.

781 1442 893 1473 Maior
919 1450 990 1473 erat
1014 1440 1076 1471 hac
1099 1441 1135 1471 in
1157 1451 1194 1471 re
1217 1439 1361 1471 libertas
1377 1437 1453 1470 Co-

780 1500 882 1530 micis
904 1499 1090 1540 permissa.-
1131 1497 1176 1528 Hi
1203 1497 1297 1527 enim
1313 1504 1360 1536 ut,
1382 1495 1453 1526 Sa·-

779 1556 864 1598 tyris
899 1556 1066 1596 expulsis,
1106 1561 1220 1585 vetere
1259 1561 1293 1584 et
1321 1551 1453 1584 tradito

783 1614 878 1652 quasi
905 1620 1029 1642 ornatu
1063 1609 1283 1656 denudarant
1317 1608 1455 1653 Satyri-

784 1679 857 1704 cen,
888 1666 976 1698 nihil
1011 1667 1188 1706 obstabat,
1228 1677 1297 1707 quo
1334 1667 1453 1697 minus

784 1726 959 1756 actionem
987 1723 1127 1754 fabulae
1152 1735 1192 1754 ex
1217 1724 1307 1764 agris
1332 1724 1369 1754 in
1385 1735 1452 1755 ur·-

783 1780 867 1812 bem
901 1780 1116 1811 deducerent
1157 1791 1366 1821 scenamque
1407 1779 1452 1811 ad

784 1837 986 1868 comoediae
1032 1834 1306 1868 similitudinem
1348 1847 1452 1867 com-

782 1901 955 1935 pararent.
989 1910 1035 1915 —-
1078 1893 1114 1934 4)
1159 1892 1281 1934 Quum
1322 1894 1454 1934 tragica

783 1949 937 1993 Satyrice
960 1951 1124 1992 plausum
1158 1956 1246 1980 esset
1280 1959 1452 1981 consecu-

782 2015 815 2037 ta
840 2007 1164 2049 celebritatemque,
1199 2016 1272 2036 non
1296 2007 1453 2038 sustiue-

782 2063 843 2095 bat
873 2065 909 2095 in
941 2074 1082 2095 scenam
1116 2062 1276 2106 prodire,
1319 2065 1384 2094 nisi
1407 2063 1452 2096 ad

783 2120 965 2164 publicam
1027 2122 1321 2152 communitatem
1369 2132 1453 2152 cum

1306 2171 1453 2210 &omina

783 2235 896 2265 solam
922 2245 995 2265 sese
1022 2242 1056 2265 et
1079 2236 1151 2266 sine
1175 2241 1362 2277 praeeunte
1389 2246 1453 2266 co-

783 2177 972 2219 tragoediis
1023 2178 1229 2209 consociata.

784 2292 870 2322 mite
907 2292 1031 2323 offerre
1064 2292 1197 2333 populo
1232 2290 1323 2323 nihil
1351 2302 1455 2322 vere·-

787 2347 1016 2380 cundabatur.
1073 2348 1227 2380 Tametsi
1264 2349 1361 2379 enim
1391 2360 1456 2379 eo-

785 2406 887 2436 micis
932 2407 1044 2447 poetis
1088 2415 1196 2445 aeque
1239 2417 1277 2436 ac
1315 2407 1457 2446 tragicis

788 2463 868 2493 artis
895 2461 1068 2503 quaedam
1109 2468 1206 2495 eraut
1246 2463 1462 2502 certamina;

788 2530 826 2550 ca
854 2528 982 2559 tamen,
1008 2519 1052 2550 ob
1075 2517 1252 2550 diversum
1275 2525 1462 2560 poetarum

787 2577 997 2617 consilinm,
1039 2586 1111 2607 non
1155 2574 1280 2606 eodem
1318 2575 1461 2607 fuerunt

787 2635 961 2665 instructu
976 2632 1189 2667 fabularum
1221 2633 1461 2676 comitatuque

789 2697 920 2724 oruata.
933 2688 957 2732 ’,ζ
