1759 3029
260 211 322 239 eu
477 202 565 240 DE
605 201 752 243 SAT.
797 201 1067 242 LVCILII
1108 203 1424 244 HORATII

262 314 312 352 ad
363 329 562 361 amorem,
618 316 936 357 familiaritatem
977 325 1018 356 et
1057 318 1390 357 consuetudinem
1435 321 1652 372 utriusque

261 396 405 429 sexus,
451 384 609 434 nuptias
658 391 697 421 et
750 384 905 423 furtiva
952 385 1096 435 gaudia
1147 386 1391 436 designanda
1437 401 1533 425 usus
1577 394 1649 425 est.

259 449 376 497 Quae
405 449 550 488 deinde
589 453 713 489 verba
769 466 791 489 a
829 453 991 502 tragicis
1030 459 1069 490 et
1107 454 1266 504 lyrici5‚
1321 455 1433 505 quasi
1474 456 1651 492 auctoris

258 518 504 568 praestantia
533 519 848 557 obscoenitatem
879 520 1106 558 amisissent
1135 520 1450 573 dignitatemque
1476 521 1652 573 aliquam

258 589 460 621 vetustate
491 593 624 623 essent
644 593 784 634 nacta,
818 600 1000 636 magnam
1031 594 1185 638 partem
1213 591 1300 637 sine
1328 602 1467 626 sensus
1501 589 1651 640 exqui-

259 651 411 689 sitioris
463 658 504 689 et
557 653 758 704 politioris
801 653 1026 691 offensione
1080 654 1259 692 adhibita
1294 657 1337 693 in
1363 657 1521 705 vulgari
1549 671 1652 708 quo-

260 732 339 769 que
363 721 560 758 sermonis
591 720 883 758 consuetudine
907 722 1201 759 retinebantur.
1266 722 1345 758 Sed
1378 723 1532 761 relictis
1562 723 1652 760 aliis

259 784 309 821 ad
334 799 380 822 ea
407 788 627 835 veniamus,
657 803 758 840 quae
788 789 1018 826 communia
1045 789 1215 826 suerunt
1229 788 1481 827 Graecorum
1509 795 1550 826 et
1563 789 1654 827 Ro-

257 864 495 902 manorum,
540 855 648 893 unde
685 856 836 894 multae
863 869 930 893 res
957 863 1000 893 et
1032 855 1255 903 dictiones,
1297 870 1392 908 quas
1433 863 1573 908 turpes
1612 861 1655 893 et

262 922 484 959 obscoenas
527 937 634 960 nunc
665 937 855 960 vocamus
875 924 955 970 ,in
975 930 1245 974 utrorumque
1283 924 1403 960 sactis
1435 930 1476 960 et
1518 923 1651 971 dictis,

259 987 337 1024 nisi
372 987 565 1026 honestae
597 1004 641 1027 ac
667 990 888 1028 laudabiles
917 996 1078 1037 essent,
1121 997 1257 1029 tamen
1295 992 1380 1029 sine
1418 989 1646 1041 reprehen—

258 1053 372 1091 sione
406 1062 446 1092 et
483 1056 648 1104 fierent,
692 1064 732 1094 et
774 1058 1020 1094 dicerentur.
1079 1058 1264 1098 Primum
1290 1058 1376 1109 ipsa
1409 1057 1649 1108 mythol-um

258 1127 300 1158 et
328 1135 534 1161 sacrorum
561 1124 676 1171 ratio,
707 1124 996 1176 antiquissimis
1024 1126 1278 1175 temporibus
1311 1131 1400 1162 orta
1429 1131 1470 1161 et
1495 1123 1653 1161 consti-r

258 1193 368 1237 tuta,
407 1191 567 1239 multis,
607 1198 653 1229 ut
679 1206 786 1230 nunc
815 1191 1004 1243 quidem,
1039 1192 1199 1229 lascivis
1225 1199 1265 1230 et
1291 1192 1497 1229 obscoenis
1518 1220 1528 1240 ,
1551 1204 1652 1243 quae

256 1257 465 1307 religionis
493 1260 709 1297 auctoritas
725 1259 837 1310 quasi
866 1265 1066 1303 sanxerat,
1099 1266 1255 1297 mentes
1276 1267 1447 1296 etaures
1472 1259 1651 1296 castissi-

259 1336 344 1361 mas
367 1325 602 1364 adsuefecit.
634 1326 795 1364 Deinde
823 1326 991 1363 Graecis
1008 1332 1048 1363 et
1076 1326 1269 1364 Romanis
1293 1327 1360 1364 vel
1378 1326 1655 1364 severioribus

262 1404 386 1443 quum
411 1394 654 1431 vestimenta
678 1394 830 1431 nullam
858 1394 946 1432 sere
972 1394 1157 1443 corporis
1182 1401 1338 1444 partem
1360 1406 1520 1443 semper
1546 1393 1654 1430 cela-

260 1466 354 1496 rent
379 1467 417 1497 et
456 1462 496 1498 in
525 1461 887 1499 exercitationibus
914 1461 1112 1511 gymnicis
1155 1461 1292 1498 onmia
1318 1474 1437 1510 saepe
1467 1459 1650 1510 depone-

257 1534 404 1563 rentur
424 1528 680 1579 feminaeque
695 1542 745 1565 ex
761 1530 971 1579 gynaeceis
986 1528 1027 1564 in
1048 1529 1233 1566 virorum
1247 1525 1585 1565 consuetudinem
1607 1531 1651 1563 et

259 1599 422 1632 coetum
462 1609 556 1633 raro
586 1597 785 1641 venirent,
820 1601 865 1632 ut
886 1595 1035 1646 pudori
1061 1596 1237 1645 ipsarum
1259 1595 1402 1632 suisset
1428 1595 1651 1631 consulen-

259 1659 379 1708 dun13
421 1663 547 1700 multa
588 1669 822 1701 manserunt
851 1662 1017 1700 honesta
1047 1669 1088 1699 et
1130 1663 1217 1699 sine
1246 1661 1401 1700 honore
1429 1660 1653 1712 praefando

259 1726 452 1777 dicenda,
491 1744 614 1782 quae,
654 1732 992 1768 vestimentorum
1020 1730 1228 1767 immutata
1255 1731 1413 1767 ratione
1452 1734 1492 1766 et
1528 1742 1652 1765 vere-

259 1795 406 1832 cundia
433 1797 474 1833 in
503 1797 735 1848 sequiorem
762 1811 930 1845 sexum,
955 1799 1028 1848 qui
1057 1810 1164 1834 nunc
1195 1810 1276 1834 non
1307 1796 1515 1833 minimam
1543 1796 1653 1833 vitae

260 1861 420 1899 socialis
446 1871 601 1913 partem
632 1865 866 1911 constituit,
892 1865 943 1902 ab
972 1865 1148 1914 ingenue
1173 1870 1213 1900 et
1235 1862 1462 1901 liberaliter
1486 1862 1652 1900 institu-

260 1928 313 1965 tis
353 1942 434 1966 non
476 1938 736 1982 usurpantur.
810 1931 966 1978 Porro,
1013 1930 1124 1982 quod
1165 1937 1286 1982 caput
1328 1929 1431 1967 mihi
1473 1929 1654 1977 videtur,

259 2008 385 2047 quum
412 2010 546 2033 mores
587 1999 739 2035 civium
768 1997 980 2049 disciplina
1015 1997 1197 2048 publica,
1228 1998 1428 2035 maiorum
1457 1996 1653 2034 institutis

260 2068 303 2100 et
338 2063 496 2114 legibus
528 2065 705 2102 maxime
743 2065 1044 2113 formarentur,
1079 2065 1130 2102 iis
1166 2070 1300 2102 autem
1340 2064 1495 2115 legibus
1542 2064 1652 2102 cives

258 2135 418 2168 tantum
464 2137 729 2179 tenerentur3
760 2132 912 2179 multa,
952 2146 1053 2184 quae
1085 2133 1220 2184 turpia
1250 2132 1427 2170 fuissent
1463 2132 1506 2169 in
1543 2132 1653 2170 cives

260 2199 494 2247 commissa,
524 2199 568 2236 in
597 2198 834 2250 peregrinos
862 2213 1051 2238 concessa
1088 2205 1227 2246 erant,
1264 2198 1314 2236 de
1345 2198 1488 2250 quibus
1526 2199 1654 2248 igitur

257 2264 389 2304 libere
414 2271 454 2302 et
482 2272 619 2318 aperte
647 2266 762 2318 loqui
787 2277 907 2305 nemo
944 2267 1185 2314 verebatur,
1223 2266 1465 2317 praesertim
1491 2267 1535 2303 in
1564 2267 1652 2305 cle-

256 2334 486 2384 gantiorum
505 2323 509 2329 r
527 2337 569 2370 et
608 2332 922 2372 delicatulorum
964 2334 1140 2373 circulis.
1194 2333 1431 2373 Honestatis
1473 2333 1650 2385 quidem,

257 2399 418 2438 decoris
448 2407 487 2438 et
513 2399 682 2452 pudoris
719 2401 763 2438 vi
804 2402 928 2451 magis
966 2401 1151 2449 exculta,
1187 2401 1240 2449 ii,
1282 2401 1351 2454 qui
1392 2402 1578 2452 gravitati
1608 2408 1650 2439 et

258 2467 446 2518 dignitati
475 2467 704 2515 studerent,
732 2480 752 2504 a
782 2468 921 2506 multis
964 2468 1129 2520 quidem
1166 2467 1285 2505 dictis
1323 2468 1400 2506 sibi
1443 2476 1650 2520 tempera-

256 2542 378 2582 runt,
432 2549 533 2587 quae
585 2534 861 2574 multitudinis
916 2536 1075 2574 levitati
1123 2541 1164 2572 et
1204 2535 1451 2586 petulantiae
1487 2550 1649 2588 semper

256 2602 534 2654 probabantur
551 2631 560 2649 ‚
590 2608 638 2640 ut
665 2602 835 2641 Periclis
863 2610 1047 2656 tempore
1075 2601 1359 2654 Aristophanis
1386 2604 1467 2645 ioci
1494 2603 1648 2654 impuri

255 2668 597 2717 Atheniensibus,
629 2672 775 2722 quibus
804 2669 1024 2710 honestatis
1057 2677 1272 2722 praecepta
1301 2671 1489 2713 Socrates
1517 2670 1648 2708 tradi-

256 2741 372 2780 derat
399 2750 580 2790 quosque
619 2738 755 2790 pulcri
793 2745 835 2777 et
878 2737 1040 2779 decoris
1077 2751 1196 2777 sensu
1233 2737 1398 2777 Phidias
1433 2737 1646 2780 imbuerat.
