1759 3029
515 99 967 141 ROMANORVM

1353 108 1457 142 ‘Lvn

79 222 335 271 superessent
373 215 484 266 Silli,
509 230 604 255 nec
638 216 772 268 posius
812 229 1014 268 perpauca
1051 227 1189 255 eorum
1220 217 1462 268 fragmenta,‘
1491 219 1493 221 ’

79 299 178 338 quae
210 285 764 335 exactam'comparationem
798 297 881 322 non
920 282 1147 322 admittunt.
1214 285 1311 323 Non
1339 287 1460 325 etiam

75 353 409 404 repugnabimus,
447 353 482 390 si
511 353 599 404 quis
630 350 1128 398 contenderithnnium
1163 358 1203 389 et
1238 354 1461 405 praecipue

75 419 283 458 Lucilium
326 421 491 472 eiusque
531 420 752 457 imitatores
787 417 956 455 duxisse
991 416 1146 455 colores
1188 420 1381 470 quosdam
1419 427 1461 459 et

77 487 178 524 sales
204 487 383 526 hausisse
414 501 468 526 ex
497 487 750 524 Graecorum
794 492 934 522 vetere
971 485 1188 533 comoedia,
1227 486 1289 533 (v.
1317 488 1458 526 Horat.

77 553 158 591 Sat.
187 554 218 602 I,
249 556 285 603 4,
319 569 335 593 1
364 569 446 607 seq.
482 568 542 602 10,
590 554 639 591 14
668 566 748 604 seq.
780 558 821 589 et
847 552 961 589 Pers.
992 550 1020 599 l,
1066 553 1139 590 123
1172 550 1270 604 seq.)
1301 554 1461 603 lambis,

78 621 187 659 Sinis
223 627 266 659 et
294 621 442 660 sabulis
468 621 664 672 satyricis,
712 620 872 658 Verum
900 626 1116 670 propterea
1146 634 1277 672 neque
1312 621 1463 660 Graeci

77 688 225 727 Satiras
254 689 474 740 scripsisse,
503 702 635 740 neque
663 687 836 745 Romani
863 686 947 731 has}
965 687 1045 724 illis
1074 694 1253 739 acceptas
1276 689 1463 728 retulisse

73 756 270 794 censendi
299 762 402 794 sunt.
460 755 678 792 Praeterea
709 754 956 802 Romanam,
995 768 1078 792 non
1105 755 1314 805 Graecam,
1355 758 1465 795 Sati-

74 833 145 860 rae
175 823 375 874 originem
417 822 556 871 fuisse,
606 836 660 860 ex
696 821 866 860 historia
903 822 1048 873 etipsa
1089 836 1250 874 quoque
1288 824 1466 862 nominis

73 888 211 927 :forma
240 889 451 941 probabile
477 888 534 927 fit.
593 889 867 941 Temporibus
891 890 1047 942 prisciS,
1080 891 1225 942 quibus
1248 903 1323 928 nec
1343 892 1464 943 Saty-

75 956 115 994 ri
144 963 184 994 et
215 957 399 1008 Satyrica
435 956 623 1006 dramata,
665 971 742 996 nec
779 957 865 995 ulla
891 970 1057 1009 graecae
1095 971 1263 1009 poeseos
1305 973 1464 1010 genera,

74 1022 157 1061 iam
182 1023 447 1062 innotuerant
471 1024 690 1073 Romanis,
728 1025 914 1064 versibus
951 1025 1149 1062 saun-niis
1175 1026 1465 1065 Fescenninis—

78 1104 158 1142 que
187 1091 232 1129 in
260 1105 379 1130 scena
407 1093 602 1130 successit
622 1093 791 1137 Satura,
824 1098 872 1131 ut
898 1106 1020 1144 supra
1043 1093 1243 1141 vidimus3
1297 1100 1337 1131 et
1364 1093 1464 1133 haec

77 1157 226 1196 deinde
256 1160 474 1211 appellatio
502 1166 671 1211 propter
699 1159 1009 1198 similitudinem
1040 1160 1225 1212 aliquam,
1264 1175 1366 1213 quae
1396 1177 1465 1201 ar—

74 1226 257 1276 gumenti
280 1227 534 1278 potissimum
562 1227 759 1265 varietate
789 1227 1082 1274 continebatur,
1109 1234 1190 1265 tam
1210 1228 1260 1265 ad
1284 1229 1355 1267 illa
1374 1244 1466 1269 car-

76 1294 235 1332 minum
262 1307 419 1345 genera‚
449 1308 551 1346 quae
581 1295 630 1332 ab
657 1294 806 1343 Ennio,
837 1306 958 1346 quam
988 1293 1038 1331 ad
1068 1308 1125 1342 ea,
1156 1308 1256 1346 quae
1285 1309 1308 1334 a
1335 1296 1467 1335 Luci-

74 1415 168 1444 rum,
187 1416 273 1447 quos
293 1417 396 1448 supra
424 1405 664 1445 nominabam,
693 1405 744 1436 li-

75 1460 209 1493 beralis
229 1462 408 1502 festivitas,
428 1473 500 1494 non
516 1462 580 1494 ilia
598 1461 745 1503 quidem

77 1519 115 1551 in
146 1520 323 1551 eeleritate
355 1528 457 1561 alque
498 1518 593 1550 dicto
622 1520 744 1561 posita,

78 1575 142 1608 sed
189 1577 226 1608 in
279 1578 510 1619 perpetuitate
553 1576 745 1608 sermonis:

82 1644 297 1674 quamquam
314 1634 458 1675 propius
484 1631 527 1663 ad
555 1633 656 1663 iilam
684 1644 746 1663 ac-

79 1690 218 1721 cessisse
237 1691 454 1732 superiorem
463 1688 664 1720 Lucilianae
677 1688 744 1719 Sa-

78 1747 164 1778 tirae
195 1745 368 1785 videntur,
400 1758 547 1788 quarum
568 1746 744 1787 plerisque

44 1832 51 1839 X
78 1813 139 1846 par
160 1802 226 1834 fuit
254 1801 393 1834 ridendi
419 1795 595 1840 ‘mann-ies,
628 1803 745 1833 simile

80 1859 280 1898 consilium,
296 1858 420 1890 eadem
430 1856 668 1900 impudentia,
681 1867 745 1898 ge—

79 1918 176 1949 mina
206 1915 359 1950 audacia.
376 1935 422 1940 —
447 1913 585 1947 Deinde
612 1914 674 1946 ubi
701 1913 744 1945 de

81 1973 276 2023 {metandi
290 1972 437 2004 ratione
470 1972 660 2014 quaeritur⁷
681 1969 747 2002 de·-

83 2028 244 2062 ducenda
259 2031 332 2062 sine
363 2029 472 2062 dubio
502 2030 567 2061 erit
588 2027 749 2071 disputa-

81 2088 131 2119 tio
163 2085 207 2118 ad
237 2095 345 2118 certas
382 2085 552 2129 quasdam
584 2086 748 2129 satyricae

80 2155 224 2188 poeseos
265 2144 406 2185 formas,
446 2143 573 2185 quihus
609 2150 750 2174 externo

83 2203 191 2232 etiam
226 2200 369 2241 habitu,
417 2212 477 2232 seu
514 2198 750 2242 componendi

82 2257 161 2299 lege
210 2265 242 2288 et
276 2259 432 2298 artificio,
460 2260 626 2300 impressa
647 2258 750 2288 simi-

83 2313 245 2346 litudinis
260 2317 403 2359 restigia
418 2316 650 2347 inveniantur.
674 2314 751 2346 Iam

83 2381 164 2402 vero
189 2371 282 2417 illud
311 2373 536 2415 perspicuum
565 2379 625 2411 est,
654 2379 750 2415 saty-

82 2429 154 2459 rica
195 2427 413 2460 Graecorum
459 2428 631 2460 dramata
678 2439 749 2459 non

85 2486 278 2527 comparari
302 2496 385 2516 cum
416 2485 546 2517 Lucilii
576 2485 749 2516 aliorum-

87 2552 157 2582 que
178 2540 374 2574 didacticis
403 2540 524 2575 Satiris
554 2544 633 2574 satis
660 2543 750 2574 insi—-

86 2599 183 2639 gnite
206 2606 308 2639 atque
338 2599 524 2631 commode
551 2611 662 2642 posse.
707 2598 752 2631 At

86 2656 224 2686 tametsi
247 2654 393 2687 Romani
415 2657 451 2686 in
472 2656 663 2689 scribendis
686 2655 752 2689 Sa·-

783 1406 875 1437 stiris
897 1404 1077 1437 interdum
1098 1406 1257 1448 proxime
1279 1409 1467 1450 reperiun—

802 1471 859 1495 tur
890 1463 1040 1494 abfuisse
1071 1475 1088 1493 a
1117 1462 1308 1496 dramatico
1330 1475 1466 1507 genere,

803 1519 898 1562 quod
924 1521 1046 1562 spretis
1074 1521 1147 1551 viae
1174 1523 1351 1563 angustiis,
1385 1527 1467 1566 qui-

802 1577 869 1609 bus
892 1576 1042 1608 docendi
1070 1578 1158 1608 ratio
1181 1579 1386 1621 includitur,
1415 1583 1468 1613 li·-

802 1633 941 1665 beriore
977 1644 1077 1674 cursu
1122 1634 1233 1666 fertur
1279 1647 1469 1680 rerumque

802 1690 1001 1722 tractationi
1021 1691 1222 1723 varietatem
1242 1691 1373 1736 dialogi
1396 1697 1470 1729 im..

802 1748 908 1789 pertit
942 1758 980 1778 ac
1018 1747 1236 1780 subitaneam
1280 1752 1471 1792 quamdam

802 1806 893 1835 vim:
942 1813 1061 1835 tamen
1084 1816 1187 1836 omne
1214 1806 1279 1837 hoc
1299 1806 1470 1842 dramati-

804 1870 863 1891 cae
888 1861 1152 1901 compositionis
1181 1864 1367 1896 artificium
1394 1866 1471 1898 fre-

804 1923 1013 1957 quentatum
1037 1915 1184 1950 demum
1198 1927 1246 1950 est
1262 1919 1305 1950 ab
1324 1922 1364 1953 iis
1384 1934 1473 1965 poe-

805 1973 859 2011 tis,
894 1974 954 2013 qui
981 1973 1161 2015 poliundis
1196 1974 1318 2008 Satiris
1347 1979 1473 2013 limam

806 2028 1045 2062 adhibuissent
1077 2043 1190 2071 suam,
1222 2040 1254 2063 et
1285 2034 1321 2064 in
1353 2036 1472 2068 medio

808 2094 861 2118 est
895 2089 1006 2129 posita
1051 2086 1263 2120 Comoediae
1297 2090 1472 2125 Romanae

807 2145 949 2186 species,
968 2145 1114 2176 arctiore
1135 2144 1345 2179 drammieae
1360 2151 1472 2182 actio-

809 2203 862 2233 nis
883 2203 1023 2234 vinculo
1043 2202 1115 2233 istis
1131 2200 1349 2236 Graecorum
1365 2206 1473 2240 sabu—

808 2259 851 2291 lis
872 2258 1045 2291 adstricta.
1093 2257 1275 2291 Atellanae
1313 2264 1368 2294 cui
1402 2275 1472 2297 non

807 2324 1016 2348 succurrunt
1042 2315 1207 2356 fabellae,
1248 2328 1332 2358 quas
1361 2322 1473 2354 finiti-

806 2384 882 2408 mas
913 2385 983 2404 esse
1009 2370 1228 2406 Graecorum
1259 2375 1390 2420 Satyris
1409 2390 1474 2410 ve·-

807 2437 896 2461 teres
917 2432 988 2462 iam
1007 2422 1164 2462 universe
1192 2435 1474 2475 pronuntiarunt,

808 2498 964 2528 quorum
988 2486 1126 2519 iudiciis
1146 2499 1223 2519 eam
1248 2489 1370 2521 licebit
1388 2502 1473 2523 mo—

809 2543 1029 2576 dei-ationem
1060 2543 1242 2585 adhibere,
1294 2555 1330 2578 ut
1359 2550 1475 2579 eomi-

811 2613 888 2633 cam
913 2603 1066 2632 maxime
1084 2601 1276 2646 ‘Satyricen
1307 2602 1349 2634 tul
1374 2616 1475 2637 com-

809 2660 1027 2700 parationem
1048 2656 1265 2691 vocemus‘?“
