1759 3029
322 105 797 148 ROMANORVM
851 107 1102 150 POETIS
1270 122 1403 150 mxvu

129 220 316 272 Menippi
344 226 385 258 et
421 221 620 259 Varronis
648 221 838 272 exemplo
871 224 993 261 etiam
1021 225 1090 262 alii
1120 239 1282 276 prosam
1325 241 1401 266 va-

16 292 80 329 rio
114 289 302 327 carminis
337 302 484 340 genere
517 295 722 340 tamqnam
745 290 972 328 interiectis
995 294 1206 341 gemmulis
1237 309 1281 331 ac
1301 296 1406 333 stel-

16 358 111 396 lulis
144 356 389 405 distinxere5
419 369 457 393 v.
491 370 523 394 c.
561 356 931 405 IVLIANVS,
969 365 1055 396 tum
1097 360 1141 397 in
1175 361 1315 399 libello
1353 363 1405 401 de

18 425 278 471 Caesaribus,
315 425 359 461 in
395 437 474 475 quo
504 425 659 475 primos
692 425 941 475 perstrinxit
968 425 1262 477 Iinperat01·e3‚
1314 437 1405 469 tum

14 492 58 529 in
89 493 240 540 Satira,
279 492 345 529 cui
378 490 524 532 titulus
562 497 626 528 cst
663 489 938 544 JWwortuiywv
968 507 998 529 s.
1031 494 1178 531 barbae
1211 509 1325 545 osor,
1359 504 1403 535 et

15 560 59 599 in
90 573 168 611 qua
197 559 340 597 acerbe
363 560 525 596 notavit
554 573 687 596 mores
720 559 1075 608 Antiochensium,
1104 562 1249 612 quibus
1266 564 1403 613 barba,

15 641 136 679 quam
180 627 333 675 alebat,
374 627 554 664 ludibrio
614 626 772 664 suerat:
816 627 866 664 L.
919 627 1246 667 ANNAEVS
1296 632 1404 668 SE-

19 694 108 732 NE
123 694 225 743 CA,
265 695 309 731 in
341 694 594 746 lepidissimo
626 693 724 731 ludo
757 693 807 731 de
841 700 977 732 morte
1015 695 1176 734 Claudii
1209 697 1406 747 Caesaris,

13 762 58 800 in
84 775 164 813 quo
196 761 413 812 confingit,
453 760 562 799 hunc
591 762 768 811 ingentis
800 764 978 813 stuporis
1016 762 1223 802 hominem
1255 767 1406 804 nonin

16 827 136 876 deos,
187 827 259 865 sed
299 830 342 866 in
377 829 609 866 cucurbitas
651 829 827 866 relatum
874 843 981 868 esse:
1042 845 1134 869 nam
1170 845 1243 868 esu
1274 846 1405 870 vene-

14 897 101 936 nati
141 895 292 944 boleti,
333 891 578 944 κολοκὺντης·
605 911 634 933 s.
676 891 956 947 κολοκύνθης,
1018 897 1238 947 Claudius,
1280 900 1406 938 huius

16 964 98 1003 cibi
136 962 416 1012 avidissimus,
458 964 630 1015 periisse
675 963 942 1011 credebatur,
979 970 1021 1001 et
1053 965 1186 1017 inepti
1219 966 1410 1007 homines

16 1031 244 1070 cucurbitis
278 1032 507 1082 comparari
537 1031 744 1078 solebant3
790 1027 1048 1084 (cucurbitae
1092 1040 1215 1084 caput
1255 1034 1409 1074 habere

14 1100 210 1138 dicuntur
253 1098 375 1148 Apul.
411 1098 514 1135 Met.
559 1099 593 1139 I.
621 1113 660 1150 p.
699 1112 787 1150 109.
829 1097 891 1136 ed.
939 1098 1145 1152 Elmenh.)
1185 1102 1411 1141 unde-Se-

15 1182 116 1207 neca
145 1165 330 1205 libellum
361 1180 480 1204 suum
511 1180 596 1204 non
630 1167 837 1214 Satira-m,
866 1180 998 1217 neque
1034 1162 1304 1217 οἷποθὲωσιν,
1336 1170 1410 1208 scd

18 1230 408 1278 οἷποκολοκύνῖωσιν
449 1234 580 1271 faceto
620 1234 852 1284 inscripsit:
893 1233 941 1271 Τ.
986 1234 1064 1271 PE
1083 1234 1275 1273 TRON
1293 1237 1410 1274 IVS

18 1302 346 1350 ARBITER,
376 1301 690 1350 (Massiliensis,
719 1302 900 1352 equestri
936 1315 1083 1351 genere
1125 1309 1269 1347 natus,
1307 1318 1412 1341 con-

18 1371 184 1418 sularis,
225 1369 386 1409 Neroni
427 1368 639 1406 familiaris
681 1375 722 1406 ct
743 1369 966 1419 elegantiae
998 1370 1174 1416 arbiter,
1206 1371 1278 1408 sed.
1307 1373 1413 1409 arti-

17 1438 93 1479 bus
134 1437 329 1488 Tigellini
370 1436 519 1477 aemuli
567 1436 618 1473 ad
665 1442 842 1473 mortem
891 1437 1146 1488 compulsus,
1179 1452 1299 1489 quam
1331 1439 1412 1476 sibi

19 1507 153 1554 lente,
193 1505 331 1542 incisis
373 1505 514 1552 venis,
553 1504 717 1551 intulit3
749 1503 798 1540 <le
832 1517 911 1554 quo
950 1517 990 1545 v.
1026 1504 1124 1544 Tac..
1158 1506 1262 1543 Ann.
1291 1505 1414 1553 XVI,

29 1575 93 1612 18.
134 1569 213 1623 19.)
252 1572 298 1610 in
340 1572 523 1609 Sam-teo
568 1571 637 1610 Vel
681 1571 891 1608 Satirieon
939 1571 1084 1615 libris,
1116 1569 1146 1588 ²¹
1176 1573 1218 1609 in
1263 1573 1414 1623 quibus

26 1690 79 1716 ter
99 1693 186 1724 quae
217 1682 322 1712 etiam
356 1692 394 1712 ea
415 1687 575 1723 poterant
602 1691 686 1720 esse,

28 1751 182 1782 quorum
203 1738 326 1770 stilum
351 1737 461 1770 Varro
492 1738 590 1780 sequi
620 1750 689 1780 po-

25 1798 142 1829 tuerit.
182 1795 256 1826 Hoc
286 1806 424 1837 quoque
454 1807 536 1826 cum
556 1806 596 1825 eo
619 1806 690 1826 non

26 1855 221 1893 statuerim,
246 1852 455 1894 Menippum
483 1864 501 1883 a
535 1851 690 1883 Luciano

25 1911 69 1943 Τ.
83 1911 110 1942 Ι.
128 1909 296 1952 p.45:3sq.
314 1908 368 1942 ed.
383 1909 488 1941 Reitz.
509 1910 692 1951 epicorum

27 1977 63 2000 et
90 1968 303 2010 tragicorum
340 1967 493 1998 flosculis
519 1974 690 2005 utentem,

31 2025 76 2058 ad
93 2026 166 2056 eius
183 2022 358 2056 scribendi
375 2034 484 2064 genus
502 2022 693 2055 ridendum

29 2081 217 2115 inductum
244 2093 336 2122 esse,
375 2079 436 2112 sed
472 2088 512 2112 ut
546 2081 693 2111 illorum

29 2147 214 2184 poetarum
242 2147 420 2170 tumorem
450 2138 693 2178 exagitantem,

33 2196 130 2240 quod
153 2198 226 2240 ipse
256 2196 431 2228 Lucianus
457 2195 580 2226 multis
608 2195 694 2225 locis

31 2254 159 2287 facit.“

85 2324 121 2344 11
156 2309 379 2348 Casaubonmz
417 2308 443 2341 l.
482 2309 508 2339 l.
547 2318 582 2350 p.
614 2306 691 2351 259.

35 2368 223 2411 „Petronii‚
250 2369 384 2408 iuquit,
431 2365 576 2398 libellus
603 2377 700 2397 mera

37 2433 88 2457 est
119 2424 500 2457 Satura'Varrouiana:
549 2424 622 2464 ipse
642 2431 699 2454 ta-

38 2494 123 2514 :men
157 2481 366 2513 Saturicum
395 2482 462 2512 sive
499 2479 700 2511 Satiricum

36 2541 165 2573 maluit
176 2537 362 2571 inscribere
374 2551 382 2578 3
399 2537 578 2579 quomodo
595 2537 700 2567 Com-—

39 2597 256 2630 mentarium
277 2594 404 2626 dicitur
421 2606 485 2637 pro
513 2605 700 2625 commen·—

40 2655 127 2685 tario
145 2652 249 2693 libro,
261 2649 528 2696 Apologeticus
540 2662 602 2693 pro
615 2661 701 2693 apo-

747 1681 899 1722 logctico
920 1679 1024 1712 libro.
1061 1679 1105 1712 At
1128 1682 1187 1723 qui
1210 1681 1293 1725 Sal)
1306 1682 1414 1715 ticon

747 1738 893 1769 titulum
924 1736 1079 1769 Petronii
1113 1740 1273 1779 reliquiis
1292 1741 1414 1782 impo-

748 1803 910 1834 suerunt,
935 1796 959 1826 ii
996 1795 1070 1825 sine
1110 1795 1218 1826 dubio
1251 1807 1417 1840 graecam.

747 1853 839 1883 vocis
856 1851 989 1882 Satirae
1004 1853 1177 1892 originem
1193 1852 1395 1894 spectabant
1408 1864 1419 1884 :

750 1908 847 1938 cuius
861 1909 909 1938 rei
926 1919 1122 1948 numquam
1135 1911 1268 1940 auctori
1279 1910 1416 1941 venisse

1360 1966 1416 1997 De

748 2021 943 2055 ,Martiano
976 2020 1124 2064 Capella
1153 2024 1270 2054 minus
1302 2024 1418 2055 ausim

749 1967 785 1997 in
806 1973 975 2004 mentem,
994 1976 1057 2006 pro
1081 1967 1174 1997 certo
1187 1966 1310 1999 habeo.

750 2080 926 2110 affirmare
972 2086 1115 2121 propter
1172 2081 1420 2121 antiquitatem

750 2136 853 2168 huius
873 2136 1010 2167 erroris.
1070 2135 1116 2167 Et
1139 2144 1256 2167 tamen
1282 2137 1354 2178 ipse
1379 2137 1417 2169 in

751 2206 852 2226 causa
872 2191 1087 2235 explicanda,
1108 2204 1169 2224 cur
1199 2204 1285 2235 opus
1312 2204 1419 2225 suum.

751 2251 915 2282 Satiram
956 2251 1190 2292 inscripserit,
1230 2249 1420 2281 nobiscum

751 2310 845 2340 facit.
913 2306 971 2338 Sic
1011 2307 1107 2337 enim
1143 2307 1207 2336 ait:
1259 2305 1421 2338 Tandem

755 2364 901 2398 senilem
927 2363 1117 2396 Martiane
1135 2361 1310 2406 fabulam
1339 2363 1422 2395 Mi-

756 2422 860 2455 scillo
881 2421 970 2453 lusit
987 2430 1095 2464 quam
1118 2418 1275 2450 lucernis
1286 2418 1421 2462 flami-

757 2491 802 2511 ne
841 2479 1017 2517 Satiraf‘
1067 2475 1104 2508 P.
1134 2477 1355 2514 Burmannus
1382 2478 1417 2508 in

758 2536 871 2568 Praef.
910 2534 992 2566 edit.
1023 2544 1102 2566 suae
1129 2534 1283 2568 Petronii
1310 2533 1422 2564 libros

760 2592 894 2625 Graeca
926 2592 1042 2622 forma
1064 2590 1261 2634 Satyricdv
1289 2602 1316 2621 s.
1348 2589 1424 2620 Sa·-

760 2649 892 2682 tiricv‘jv
911 2648 984 2680 scil.
1003 2647 1112 2681 libros
1144 2647 1313 2694 appellari
1340 2658 1424 2680 maa

845 2721 868 2745 ὃ
901 2718 922 2745 2
