1759 3029
251 209 348 234 xcu
489 194 582 235 DE
629 192 768 235 SAT.
795 191 1073 233 LVCLLII
1111 189 1417 232 HORATH

250 310 326 348 bus
369 308 419 347 ad
461 322 597 347 mores
643 314 684 346 et
734 308 865 347 officia
923 308 1197 360 spectantibus
1255 306 1487 358 disputandi
1526 305 1634 344 ratio

250 376 489 414 adumbrata
530 377 772 427 agnoscitur.
831 376 897 413 Ad
934 376 1087 413 Satiras
1115 381 1258 413 contra
1287 375 1438 412 referri
1471 374 1636 423 debent,

249 457 350 495 quae
381 444 448 482 vel
481 444 530 482 (le
557 444 803 482 Comoediae
825 444 977 482 veteris
1011 442 1246 490 dicacitate,
1277 442 1323 480 ab
1354 443 1528 480 Horatio
1555 456 1634 480 ex-

244 524 402 562 pressa,
432 512 500 549 vel
537 511 587 549 de
622 512 786 549 mimico
815 524 976 549 morum
1010 510 1306 548 imitandorum
1337 510 1533 558 artificio,
1564 510 1634 548 vel

245 577 296 615 de
345 579 458 616 felici
497 579 809 616 Lucilianorum
850 579 1017 615 lusuum
1050 578 1333 615 emendatione
1365 579 1533 629 passim,
1563 576 1636 615 sed

244 647 479 697 promiscue
517 646 742 698 disputavit
793 646 932 683 Astius
987 646 1031 682 in
1085 646 1192 682 libro
1245 658 1368 696 supra
1418 644 1638 682 laudato.“

242 712 440 750 Eiusdem
484 714 582 751 libri
625 719 772 750 auctor
813 713 918 750 bene
964 711 1085 749 docet
1129 725 1213 762 eap.
1244 713 1305 759 3.,
1337 713 1510 762 vestigia
1539 712 1639 749 Pla-

244 782 405 818 tonicae
450 781 691 818 imitationis
736 781 955 831 praecipue
1004 779 1180 831 reperiri
1224 779 1266 816 in
1298 779 1465 816 Horatii
1504 778 1637 830 Epist.

248 847 298 884 ad
342 848 534 895 Pisones,
581 848 650 891 ade
690 854 779 885 arte
822 847 1003 899 poetica)
1050 852 1091 883 et
1123 847 1165 884 in
1197 845 1272 884 hac
1298 847 1435 884 omnia
1459 859 1508 884 eo
1537 845 1637 883 red-

245 915 329 962 ire,
381 921 425 954 ut
460 916 580 963 salsa,
634 930 735 968 quae
769 921 867 953 tunc
898 915 1255 965 percrebruerint,
1293 913 1343 951 de
1375 914 1490 965 poesi
1525 912 1638 950 iudi-

248 983 331 1028 cia,
375 979 438 1032 (ut
483 983 532 1019 de
572 989 661 1020 arte
705 982 913 1020 rhetorica
960 981 1003 1018 in
1048 982 1231 1019 Platonis
1261 980 1473 1029 Phaedro)
1515 979 1641 1018 modo

245 1049 443 1097 ior-ando,
496 1050 617 1087 modo
665 1050 774 1088 serio
820 1048 1004 1087 docendo
1047 1049 1314 1096 refellantur,
1361 1054 1403 1086 et
1437 1048 1641 1100 perstrin-

248 1125 395 1167 gantur
435 1123 523 1155 tum
555 1124 720 1170 poetae,
753 1118 839 1157 sine
862 1117 1025 1167 ingenio
1055 1122 1096 1154 et
1128 1116 1315 1153 doctrina
1341 1100 1483 1166 poesin
1509 1115 1639 1152 attin-

247 1191 409 1235 gentes,
434 1191 523 1221 tuni
556 1186 650 1222 vani
688 1199 830 1223 eorum
870 1185 1122 1232 laudatores3
1162 1190 1297 1221 cetera
1338 1197 1437 1221 vero
1470 1182 1535 1219 his
1574 1183 1643 1219 in-

247 1260 355 1290 serta
386 1267 470 1290 non
503 1253 580 1290 nisi
613 1252 793 1303 episodia
825 1265 921 1289 esse.

359 1321 531 1357 Praeter
584 1319 828 1357 dramaticae
883 1318 1188 1369 compositionis
1248 1317 1465 1355 artificium
1516 1316 1640 1354 etiam

248 1388 384 1434 aliud,
421 1387 544 1438 idque
577 1400 660 1425 non
692 1387 826 1423 minus
866 1386 1123 1437 ingeniosum
1163 1392 1424 1436 gratumque,
1464 1384 1640 1421 Horatio

245 1469 375 1507 paene
411 1454 625 1505 proprium
659 1459 720 1491 est
750 1454 793 1490 in
826 1467 966 1491 rerum
1009 1453 1249 1490 inventione
1296 1466 1339 1488 ac
1362 1452 1642 1503 dispositione,

248 1523 329 1560 etsi
359 1523 485 1572 magis
521 1521 788 1571 negligentia,
817 1534 936 1571 quam
962 1533 1025 1557 ars
1062 1534 1149 1557 esse
1190 1519 1392 1557 videatur.
1449 1519 1644 1556 Plerum-

248 1603 326 1641 que
364 1590 471 1626 enim
506 1587 655 1625 idonea
685 1588 920 1635 occasione,
949 1602 971 1624 a
1012 1594 1198 1637 tempore
1232 1587 1396 1637 aliqUO,
1438 1586 1506 1623 vel
1535 1586 1640 1634 loco,

248 1658 316 1695 vel
364 1656 573 1707 personis,
613 1655 681 1692 vel
723 1668 820 1691 eura
861 1660 902 1691 et
948 1655 1214 1706 cogitatione,
1256 1655 1298 1691 in
1335 1667 1414 1704 qua
1441 1658 1640 1700 versatur,

245 1724 526 1774 suppeditata,
566 1729 608 1759 et
660 1722 914 1759 dissimulata
956 1720 1120 1759 ridendi
1157 1720 1458 1772 castigandique
1489 1719 1642 1757 volun-

243 1797 354 1837 tate,
381 1790 558 1841 obliquis
580 1789 832 1827 orationibus
869 1794 910 1826 et
939 1790 1055 1826 velut
1089 1789 1209 1837 longe
1243 1787 1354 1824 aliud
1393 1801 1536 1837 agens,
1571 1800 1640 1823 er-

245 1871 361 1895 rores
383 1872 426 1894 ae
459 1858 561 1894 vitia
595 1857 749 1907 carpit,
788 1870 853 1894 res
885 1857 1018 1893 varias
1064 1861 1105 1892 et
1140 1861 1284 1905 sponte
1317 1854 1640 1890 subnu'nistratas
1686 1898 1690 1901 χ

245 1924 534 1977 persequitur,
571 1924 740 1962 missilia
768 1923 977 1973 inopinato
999 1923 1172 1973 spargit,
1201 1921 1481 1972 imprudentes
1501 1920 1642 1958 adori-

246 1999 316 2029 tur
343 2005 395 2029 ex
415 1990 597 2038 insidiis,
619 1991 776 2028 subitos
813 1989 1080 2041 obliquosque
1103 1989 1171 2026 dat
1197 1990 1327 2036 ictus,
1356 2001 1524 2025 amoena
1550 1988 1642 2025 loca

244 2059 499 2110 negligenter
532 2072 577 2096 ae
605 2059 737 2096 libero
774 2070 899 2095 cursu
933 2063 1202 2108 pervagatur,
1234 2070 1353 2108 saepe
1391 2055 1440 2093 de
1475 2055 1542 2092 via
1565 2055 1641 2091 de-

244 2128 389 2175 clinat,
434 2140 553 2178 quam
587 2125 710 2163 modo
744 2125 914 2172 inierat,
957 2130 998 2161 et
1037 2124 1104 2162 vel
1140 2129 1299 2162 certum
1340 2122 1463 2161 finem
1506 2123 1642 2160 consi-

241 2194 426 2246 liumque
468 2192 577 2230 haud
624 2193 740 2244 sequi
784 2192 971 2240 videtur,
1011 2192 1080 2229 vel
1126 2190 1175 2228 ad
1209 2197 1379 2238 metam,
1419 2190 1452 2228 si
1488 2204 1567 2241 qua
1602 2189 1641 2227 ei

243 2268 328 2309 est,
356 2262 486 2311 longis
521 2260 753 2310 ambagibus
787 2259 1045 2310 flexibusque
1071 2258 1241 2296 diversis
1267 2259 1379 2296 lente
1413 2256 1639 2305 contendit,

241 2330 300 2367 ita
329 2335 376 2366 ut
412 2328 614 2380 plurimae
642 2327 727 2364 eius
767 2327 914 2364 satirae
949 2327 1164 2376 imaginem
1196 2325 1418 2363 exhibeant
1455 2325 1641 2361 ambula-

243 2397 388 2442 tionis,
416 2397 460 2432 in
504 2409 582 2446 qua
613 2395 818 2447 quaelibet
850 2394 940 2432 loca
983 2393 1102 2430 devia
1134 2386 1188 2440 oig-
1222 2391 1264 2433 ἐν
1300 2387 1469 2444 παρόδῳ
1510 2391 1639 2428 oculis

239 2465 544 2517 perlustrantur
576 2468 619 2501 et
658 2462 789 2501 omnis
823 2461 890 2499 via
911 2467 972 2498 est
1002 2466 1130 2498 recta.
1187 2460 1350 2498 Persius
1384 2465 1426 2496 et
1462 2457 1638 2496 Iuvena-

239 2533 290 2571 lis
333 2543 639 2582 nonnumquam
682 2528 846 2582 quidem
876 2528 1099 2566 Horatium
1131 2528 1253 2565 etiam
1282 2526 1357 2565 hac
1391 2527 1436 2564 in
1470 2539 1517 2564 re
1538 2526 1637 2563 imi-

242 2599 318 2638 ‘cati
352 2604 467 2645 sunt,
496 2598 567 2634 sed
593 2598 834 2648 plerumque
866 2608 981 2633 more
1011 2593 1351 2646 philosophorum
1394 2593 1634 2632 rhetorum-

242 2679 322 2718 que
349 2679 472 2703 unam
497 2670 657 2703 tantum
679 2664 814 2702 thesin
857 2662 1086 2716 explicant,
1121 2666 1162 2699 et
1194 2666 1310 2699 recto
1344 2662 1494 2700 itinere
1531 2660 1634 2698 diri-

242 2739 343 2785 gunt
369 2745 555 2781 cursum,
586 2745 668 2785 quo
701 2730 982 2781 contendunt,
1008 2743 1142 2771 raroa
1165 2730 1233 2769 via
1266 2731 1520 2770 aberrantes:
1559 2740 1638 2766 ne-
