1759 3029
246 235 369 260 cxmx
812 212 1194 262 INDEX

355 336 374 357 *
402 335 421 357 *
445 333 464 356 *
520 335 734 372 Iuvenalis
755 335 839 372 Sat.
854 349 933 384 per
964 334 1048 372 Iac.
1071 332 1120 372 de
1142 333 1314 377 Fiam,
1344 332 1532 372 Venetiis
1553 348 1582 372 s.
1606 347 1638 371 a.

358 401 507 449 (Catal.
544 402 593 439 de
631 402 670 441 la
702 402 914 447 Valliere.)
1409 404 1446 438 4.
1478 401 1639 449 (1572.)

357 491 537 542 Gryphii
558 492 628 529 VI.
657 491 870 528 luvenalis
888 499 927 527 et
955 492 1139 528 Persia&
1170 490 1364 542 Lugduni
1428 489 1486 528 16.
1520 490 1638 540 1576,

353 581 514 620 Veneta
545 581 756 619 XXXIII.
785 581 998 618 luvenalis
1032 595 1064 618 c.
1100 594 1239 618 comm.
1278 582 1465 618 Domitii
1490 579 1641 616 Caldo-

245 652 334 689 rini
1416 647 1487 684 sol.
1524 646 1640 684 1585.

355 738 649 777 Pulmanniana
680 750 708 773 s.
748 736 1004 775 Plautiniana
1049 734 1124 772 III.
1157 735 1372 772 Iuvenalis
1403 741 1478 772 cet.
1514 740 1561 771 ut
1594 734 1639 771 iu

244 807 340 845 edit.
374 806 404 843 ἶ.
443 819 475 841 a.
515 804 631 842 1565.
658 803 859 853 Antverp.
1238 803 1303 840 24.
1340 807 1382 840 et
1425 801 1484 839 16.
1522 801 1638 838 1585.

353 907 373 927 *
429 904 594 943 Pithoei
629 905 659 943 I.
698 907 753 951 (n.
786 904 872 952 75.)
903 904 955 940 A.
988 904 1132 940 Persii
1175 904 1417 952 Salyrczrlcm
1462 899 1638 938 Liberl.

243 978 299 1015 D.
329 976 449 1012 Iunii
482 973 695 1011 Iuvenalis
722 972 965 1021 Satyrorum
997 970 1122 1007 Libri
1156 972 1206 1008 Is.
1238 971 1453 1021 Sulpiciae
1485 968 1638 1017 Satyra

242 1045 274 1081 I.
312 1056 404 1080 cnm
445 1040 647 1077 veteribus
687 1039 1000 1076 Commentariis
1064 1037 1280 1086 (Scholiis)
1317 1052 1427 1075 nunc
1451 1037 1635 1088 primum

249 1111 384 1149 editis.
444 1108 509 1145 Ex
542 1106 791 1145 bibliotheca
825 1108 877 1144 P.
912 1106 1082 1143 Pithoei
1101 1105 1165 1142 IC'.
1200 1108 1318 1142 euius
1349 1107 1475 1142 etiam
1498 1106 1636 1142 lVotae

246 1176 450 1231 quaedam
472 1173 658 1212 adiectae
684 1181 792 1211 sunt.
850 1173 1040 1211 Lutetiae
1064 1172 1183 1223 apud
1202 1174 1455 1210 Mamercum
1488 1173 1638 1209 Patis-

244 1259 389 1283 sonum
1453 1241 1490 1277 8.
1521 1239 1637 1278 1585.

356 1343 498 1381 Editio
538 1340 883 1393 praestantissima
925 1347 966 1379 et
1002 1342 1110 1379 inter
1140 1339 1484 1378 emendatissimas
1522 1341 1637 1378 rese—-

244 1412 384 1452 reuda.
456 1411 602 1447 Petrus
645 1407 866 1456 Pithoeus,
907 1409 1037 1446 frater
1085 1408 1316 1455 Francioei,
1355 1410 1442 1459 (qui
1486 1407 1636 1446 fratres

245 1479 397 1531 gemini
430 1478 547 1515 suere
582 1476 838 1513 celeberrimi
861 1476 971 1514 illius
1000 1476 1142 1514 aetatis
1169 1474 1258 1512 ICti
1289 1475 1538 1526 summisque
1557 1474 1636 1512 ho-

243 1547 414 1586 noribus
441 1544 607 1582 Parisiis
636 1543 793 1591 ornati)
831 1542 880 1580 de
923 1549 1123 1581 contextu
1163 1549 1243 1580 tam
1282 1542 1485 1579 Iuvenalis
1515 1556 1634 1594 quam

244 1613 378 1652 Persii
415 1610 667 1649 emendando
696 1611 903 1661 praeclare
931 1611 1102 1648 meritus
1126 1616 1211 1658 est,
1242 1609 1434 1648 adhibitis
1465 1611 1509 1648 in
1534 1625 1634 1648 con-

246 1681 382 1718 silium
417 1677 625 1715 codicibus
660 1678 822 1727 scriptis
852 1684 892 1715 et
922 1678 1178 1728 potissimum
1208 1677 1372 1730 quidem
1401 1679 1636 1730 antiquissi-

245 1762 313 1786 mo
345 1745 545 1793 Budensi,
585 1745 654 1796 qui
686 1745 783 1782 olim
806 1744 1003 1782 Matthiae
1041 1744 1227 1783 Corvino
1253 1745 1339 1795 regi
1371 1745 1508 1795 Hung.
1540 1745 1635 1783 sue-

245 1822 329 1863 rat>
372 1819 413 1850 et
447 1826 500 1849 ex
539 1827 619 1864 quo
651 1813 772 1849 etiam
815 1813 971 1863 primus
1009 1813 1165 1863 integra
1197 1811 1326 1850 edidit
1357 1812 1527 1851 Scholia
1566 1828 1637 1851 νε-

246 1891 356 1929 tera,
397 1894 571 1931 quorum
607 1879 814 1917 dimidiam
859 1885 1018 1917 tantum
1059 1886 1240 1930 partem,
1281 1879 1352 1916 sed
1382 1893 1466 1917 non
1493 1881 1551 1918 ita
1570 1880 1637 1918 di·-

245 1950 420 1999 ligenter
461 1948 732 1997 exscriptam,
773 1946 1012 1996 vulgaverat
1049 1947 1176 1985 Valla.
1222 1960 1259 1984 v.
1307 1960 1393 1998 sup.
1438 1947 1489 1985 ad
1535 1946 1636 1987 edit.

245 2018 393 2053 Venet.
425 2013 542 2052 VIII.
581 2028 612 2051 a.
656 2013 771 2051 1486.
838 2014 1008 2051 Scholia
1046 2012 1170 2063 haec,
1232 2014 1378 2066 quibus
1406 2014 1555 2052 similia
1590 2016 1636 2055 iu

245 2083 386 2121 multis
437 2081 554 2119 MSS.
597 2080 802 2117 Iuvenalis
845 2081 1132 2131 reperiuntur,
1177 2087 1218 2118 et
1264 2096 1365 2134 quae
1416 2081 1635 2122 admodum

248 2155 442 2199 corrupte
481 2148 685 2199 descripta
717 2153 834 2195 sunt,
879 2146 1008 2194 (unde
1054 2148 1173 2186 multi
1200 2149 1243 2186 in
1290 2149 1341 2186 iis
1376 2149 1635 2189 emendandis

246 2217 454 2267 ingenium
488 2229 736 2262 exercuere,
770 2215 820 2252 de
854 2215 999 2266 quibus
1030 2228 1068 2253 v.
1103 2215 1197 2254 edit.
1228 2216 1407 2254 Hennin.
1440 2223 1481 2254 et
1509 2216 1634 2269 Ach,)

248 2300 271 2323 a
304 2283 513 2321 nonnullis
555 2283 796 2320 tribuuntur
840 2281 1048 2330 Cornuto,
1088 2283 1136 2321 ab
1177 2284 1263 2321 aliis
1305 2283 1429 2321 Petro
1457 2284 1634 2336 Birthio,

247 2365 271 2389 a
312 2352 520 2403 plerisque
569 2350 733 2394 Probo,
785 2348 871 2386 sive
916 2349 1084 2389 Valerio
1136 2350 1296 2399 Probo,
1355 2350 1634 2391 Grammatico

247 2419 439 2469 Beryffio,
469 2418 555 2456 sive
590 2418 676 2455 aliis
706 2416 826 2455 huius
860 2414 1036 2454 nominis
1072 2420 1360 2468 grammaticis:
1393 2418 1465 2466 (de
1494 2416 1559 2456 his
1596 2434 1635 2459 v.

246 2486 395 2536 Heyne
436 2485 486 2522 de
537 2485 649 2522 editt.
686 2485 801 2535 Virg.
843 2483 891 2520 T.
931 2483 962 2520 I.
1008 2498 1047 2535 p.
1093 2482 1328 2522 CXLVIII.
1375 2485 1436 2523 ed.
1482 2499 1560 2525 sec.
1594 2491 1636 2525 et

246 2554 388 2591 Burm.
424 2552 472 2589 ad
508 2551 674 2590 Anthol.
710 2552 758 2589 T.
782 2551 813 2588 I.
845 2564 884 2601 p.
926 2550 1016 2601 759.
1051 2558 1091 2589 et
1118 2551 1162 2589 in
1194 2551 1328 2590 Praes.
1372 2565 1410 2603 p.
1446 2549 1530 2606 35.)
1562 2554 1636 2592 sed

247 2619 500 2673 probabilior
536 2625 596 2656 est
627 2619 861 2658 coniectura
907 2630 1073 2666 eorum,
1112 2618 1182 2670 qui
1223 2625 1390 2670 putant,
1418 2627 1635 2659 centonem

249 2685 359 2725 hunc
395 2699 481 2723 esse
527 2700 549 2723 e
579 2687 703 2725 variis
737 2692 777 2723 et
816 2700 838 2723 a
870 2685 1014 2732 variis,
1056 2685 1144 2722 sine
1185 2685 1366 2735 delectu,
1404 2694 1633 2736 consutum,

251 2759 292 2793 et
322 2754 448 2794 multa
468 2767 610 2807 sapere
643 2767 788 2795 aevum
823 2752 952 2792 serius
985 2758 1027 2791 et
1058 2752 1359 2805 Imperatorum
1388 2753 1632 2794 christiano-
