<?xml version="1.0" encoding="UTF-8"?>
<!DOCTYPE html PUBLIC "-//W3C//DTD XHTML 1.0 Transitional//EN"
    "http://www.w3.org/TR/xhtml1/DTD/xhtml1-transitional.dtd">
<html xmlns="http://www.w3.org/1999/xhtml" xml:lang="en" lang="en">
 <head>
  <title>
</title>
<meta http-equiv="Content-Type" content="text/html;charset=utf-8" />
  <meta name='ocr-system' content='tesseract 3.04.00' />
  <meta name='ocr-capabilities' content='ocr_page ocr_carea ocr_par ocr_line ocrx_word'/>
</head>
<body>
  <div class='ocr_page' id='page_1' title='image "./satirae16adoptim01juveuoft/satirae16adoptim01juveuoft_0347.png"; bbox 0 0 1759 3029; ppageno 0'>
   <div class='ocr_carea' id='block_1_1' title="bbox 511 192 1468 242">
    <p class='ocr_par' dir='ltr' id='par_1_1' title="bbox 511 192 1468 242">
     <span class='ocr_line' id='line_1_1' title="bbox 511 192 1468 242; baseline 0.008 -8"><span class='ocrx_word' id='word_1_1' title='bbox 511 192 838 235; x_wconf 83' lang='lat' dir='ltr'><strong>SATIRA</strong></span> <span class='ocrx_word' id='word_1_2' title='bbox 907 195 1020 236; x_wconf 88' lang='lat' dir='ltr'>VII.</span> <span class='ocrx_word' id='word_1_3' title='bbox 1314 196 1468 242; x_wconf 50' lang='lat'>‘143</span> 
     </span>
    </p>
   </div>
   <div class='ocr_carea' id='block_1_2' title="bbox 27 309 1435 561">
    <p class='ocr_par' dir='ltr' id='par_1_2' title="bbox 74 309 1269 371">
     <span class='ocr_line' id='line_1_2' title="bbox 74 309 1269 371; baseline 0.001 -16"><span class='ocrx_word' id='word_1_4' title='bbox 74 309 136 355; x_wconf 82' lang='lat' dir='ltr'>Et</span> <span class='ocrx_word' id='word_1_5' title='bbox 172 320 285 369; x_wconf 85' lang='lat' dir='ltr'>quae</span> <span class='ocrx_word' id='word_1_6' title='bbox 319 311 546 354; x_wconf 85' lang='lat' dir='ltr'>conducto</span> <span class='ocrx_word' id='word_1_7' title='bbox 582 313 786 369; x_wconf 86' lang='lat' dir='ltr'>pendent</span> <span class='ocrx_word' id='word_1_8' title='bbox 821 311 1070 354; x_wconf 76' lang='lat' dir='ltr'><strong>anabathra</strong></span> <span class='ocrx_word' id='word_1_9' title='bbox 1104 313 1269 371; x_wconf 74' lang='lat' dir='ltr'>tigillo,</span> 
     </span>
    </p>

    <p class='ocr_par' dir='ltr' id='par_1_3' title="bbox 27 380 1435 561">
     <span class='ocr_line' id='line_1_3' title="bbox 27 380 1431 438; baseline 0.001 -16"><span class='ocrx_word' id='word_1_10' title='bbox 27 412 36 422; x_wconf 89' lang='lat'><em>.</em></span> <span class='ocrx_word' id='word_1_11' title='bbox 73 381 288 437; x_wconf 82' lang='lat' dir='ltr'><strong>Quaeque</strong></span> <span class='ocrx_word' id='word_1_12' title='bbox 321 382 612 436; x_wconf 71' lang='lat' dir='ltr'><strong>reportandis</strong></span> <span class='ocrx_word' id='word_1_13' title='bbox 645 384 794 438; x_wconf 83' lang='lat' dir='ltr'>posita</span> <span class='ocrx_word' id='word_1_14' title='bbox 825 389 892 422; x_wconf 82' lang='lat' dir='ltr'>est</span> <span class='ocrx_word' id='word_1_15' title='bbox 923 380 1157 424; x_wconf 75' lang='lat' dir='ltr'>orchestra</span> <span class='ocrx_word' id='word_1_16' title='bbox 1193 383 1431 426; x_wconf 78' lang='lat' dir='ltr'><strong>cathedris,</strong></span> 
     </span>
     <span class='ocr_line' id='line_1_4' title="bbox 72 448 1435 506; baseline 0.001 -14"><span class='ocrx_word' id='word_1_17' title='bbox 72 449 171 492; x_wconf 90' lang='lat' dir='ltr'>Nos</span> <span class='ocrx_word' id='word_1_18' title='bbox 206 457 358 490; x_wconf 84' lang='lat' dir='ltr'>tamen</span> <span class='ocrx_word' id='word_1_19' title='bbox 391 448 479 490; x_wconf 90' lang='lat' dir='ltr'>hoc</span> <span class='ocrx_word' id='word_1_20' title='bbox 512 453 684 505; x_wconf 80' lang='lat' dir='ltr'>agimus</span> <span class='ocrx_word' id='word_1_21' title='bbox 719 453 939 505; x_wconf 79' lang='lat' dir='ltr'>tenuique</span> <span class='ocrx_word' id='word_1_22' title='bbox 975 453 1023 490; x_wconf 91' lang='lat' dir='ltr'>in</span> <span class='ocrx_word' id='word_1_23' title='bbox 1058 450 1252 506; x_wconf 82' lang='lat' dir='ltr'>pulvere</span> <span class='ocrx_word' id='word_1_24' title='bbox 1284 452 1435 495; x_wconf 82' lang='lat' dir='ltr'>sulcos</span> 
     </span>
     <span class='ocr_line' id='line_1_5' title="bbox 71 516 1171 561; baseline 0 -1"><span class='ocrx_word' id='word_1_25' title='bbox 71 516 291 560; x_wconf 86' lang='lat' dir='ltr'>Ducimus</span> <span class='ocrx_word' id='word_1_26' title='bbox 331 525 375 559; x_wconf 84' lang='lat' dir='ltr'>et</span> <span class='ocrx_word' id='word_1_27' title='bbox 408 517 515 559; x_wconf 82' lang='lat' dir='ltr'>litus</span> <span class='ocrx_word' id='word_1_28' title='bbox 552 517 697 560; x_wconf 86' lang='lat' dir='ltr'>sterili</span> <span class='ocrx_word' id='word_1_29' title='bbox 734 533 965 561; x_wconf 75' lang='lat' dir='ltr'><strong>versamus</strong></span> <span class='ocrx_word' id='word_1_30' title='bbox 1003 526 1171 560; x_wconf 83' lang='lat' dir='ltr'>aratro.</span> 
     </span>
    </p>
   </div>
   <div class='ocr_carea' id='block_1_3' title="bbox 70 585 1158 642">
    <p class='ocr_par' dir='ltr' id='par_1_4' title="bbox 70 585 1158 642">
     <span class='ocr_line' id='line_1_6' title="bbox 70 585 1158 642; baseline 0.001 -14"><span class='ocrx_word' id='word_1_31' title='bbox 70 585 193 628; x_wconf 85' lang='lat' dir='ltr'>Nam</span> <span class='ocrx_word' id='word_1_32' title='bbox 225 590 263 627; x_wconf 81' lang='lat' dir='ltr'>si</span> <span class='ocrx_word' id='word_1_33' title='bbox 297 587 519 638; x_wconf 75' lang='lat' dir='ltr'>discedas,</span> <span class='ocrx_word' id='word_1_34' title='bbox 573 586 736 642; x_wconf 83' lang='lat' dir='ltr'>laqueo</span> <span class='ocrx_word' id='word_1_35' title='bbox 772 595 899 628; x_wconf 86' lang='lat' dir='ltr'>tenet</span> <span class='ocrx_word' id='word_1_36' title='bbox 931 586 1158 629; x_wconf 73' lang='lat' dir='ltr'>ambitiosi</span> 
     </span>
    </p>
   </div>
   <div class='ocr_carea' id='block_1_4' title="bbox 1398 589 1462 632">
    <p class='ocr_par' dir='ltr' id='par_1_5' title="bbox 1398 589 1462 632">
     <span class='ocr_line' id='line_1_7' title="bbox 1398 589 1462 632; baseline 0.016 -1"><span class='ocrx_word' id='word_1_37' title='bbox 1398 589 1462 632; x_wconf 87' lang='lat'>50</span> 
     </span>
    </p>
   </div>
   <div class='ocr_carea' id='block_1_5' title="bbox 70 654 1351 918">
    <p class='ocr_par' dir='ltr' id='par_1_6' title="bbox 70 654 1351 918">
     <span class='ocr_line' id='line_1_8' title="bbox 71 654 1187 699; baseline 0 -3"><span class='ocrx_word' id='word_1_38' title='bbox 71 654 366 699; x_wconf 77' lang='lat' dir='ltr'>Consuetudo</span> <span class='ocrx_word' id='word_1_39' title='bbox 402 654 534 696; x_wconf 85' lang='lat' dir='ltr'>mali:</span> <span class='ocrx_word' id='word_1_40' title='bbox 577 663 703 697; x_wconf 80' lang='lat' dir='ltr'>tenet</span> <span class='ocrx_word' id='word_1_41' title='bbox 736 656 984 697; x_wconf 76' lang='lat' dir='ltr'>insanabile</span> <span class='ocrx_word' id='word_1_42' title='bbox 1014 656 1187 697; x_wconf 84' lang='lat' dir='ltr'>multos</span> 
     </span>
     <span class='ocr_line' id='line_1_9' title="bbox 70 722 1328 780; baseline 0.002 -16"><span class='ocrx_word' id='word_1_43' title='bbox 70 723 306 766; x_wconf 86' lang='lat' dir='ltr'>Scribendi</span> <span class='ocrx_word' id='word_1_44' title='bbox 342 722 574 766; x_wconf 73' lang='lat' dir='ltr'>cacoethes</span> <span class='ocrx_word' id='word_1_45' title='bbox 619 734 663 767; x_wconf 81' lang='lat' dir='ltr'>et</span> <span class='ocrx_word' id='word_1_46' title='bbox 697 739 833 780; x_wconf 85' lang='lat' dir='ltr'>aegro</span> <span class='ocrx_word' id='word_1_47' title='bbox 869 727 916 766; x_wconf 85' lang='lat' dir='ltr'>in</span> <span class='ocrx_word' id='word_1_48' title='bbox 954 725 1088 766; x_wconf 82' lang='lat' dir='ltr'>corde</span> <span class='ocrx_word' id='word_1_49' title='bbox 1125 725 1328 766; x_wconf 74' lang='lat' dir='ltr'>senescit.</span> 
     </span>
     <span class='ocr_line' id='line_1_10' title="bbox 70 791 1351 849; baseline 0.002 -17"><span class='ocrx_word' id='word_1_50' title='bbox 70 791 159 834; x_wconf 88' lang='lat' dir='ltr'>Sed</span> <span class='ocrx_word' id='word_1_51' title='bbox 194 801 345 834; x_wconf 80' lang='lat' dir='ltr'>vatem</span> <span class='ocrx_word' id='word_1_52' title='bbox 385 795 639 847; x_wconf 75' lang='lat' dir='ltr'>egregium,</span> <span class='ocrx_word' id='word_1_53' title='bbox 679 797 752 834; x_wconf 91' lang='lat' dir='ltr'>cui</span> <span class='ocrx_word' id='word_1_54' title='bbox 789 808 883 834; x_wconf 84' lang='lat' dir='ltr'>non</span> <span class='ocrx_word' id='word_1_55' title='bbox 911 795 970 833; x_wconf 85' lang='lat' dir='ltr'>sit</span> <span class='ocrx_word' id='word_1_56' title='bbox 1005 793 1189 849; x_wconf 85' lang='lat' dir='ltr'>publica</span> <span class='ocrx_word' id='word_1_57' title='bbox 1223 807 1351 846; x_wconf 77' lang='lat' dir='ltr'>vena,</span> 
     </span>
     <span class='ocr_line' id='line_1_11' title="bbox 71 860 1302 918; baseline 0 -16"><span class='ocrx_word' id='word_1_58' title='bbox 71 860 164 912; x_wconf 85' lang='lat' dir='ltr'>Qui</span> <span class='ocrx_word' id='word_1_59' title='bbox 197 860 313 902; x_wconf 87' lang='lat' dir='ltr'>nihil</span> <span class='ocrx_word' id='word_1_60' title='bbox 348 863 611 916; x_wconf 79' lang='lat' dir='ltr'>expositum</span> <span class='ocrx_word' id='word_1_61' title='bbox 646 862 790 904; x_wconf 79' lang='lat' dir='ltr'>soleat</span> <span class='ocrx_word' id='word_1_62' title='bbox 827 862 1069 913; x_wconf 76' lang='lat' dir='ltr'><strong>deducere,</strong></span> <span class='ocrx_word' id='word_1_63' title='bbox 1106 876 1188 903; x_wconf 85' lang='lat' dir='ltr'>nec</span> <span class='ocrx_word' id='word_1_64' title='bbox 1223 864 1302 918; x_wconf 84' lang='lat' dir='ltr'>qui</span> 
     </span>
    </p>
   </div>
   <div class='ocr_carea' id='block_1_6' title="bbox 70 928 1154 982">
    <p class='ocr_par' dir='ltr' id='par_1_7' title="bbox 70 928 1154 982">
     <span class='ocr_line' id='line_1_12' title="bbox 70 928 1154 982; baseline 0 -12"><span class='ocrx_word' id='word_1_65' title='bbox 70 928 317 970; x_wconf 89' lang='lat' dir='ltr'>Communi</span> <span class='ocrx_word' id='word_1_66' title='bbox 355 928 490 970; x_wconf 83' lang='lat' dir='ltr'>feriat</span> <span class='ocrx_word' id='word_1_67' title='bbox 525 943 708 971; x_wconf 80' lang='lat' dir='ltr'>carmen</span> <span class='ocrx_word' id='word_1_68' title='bbox 742 930 924 972; x_wconf 78' lang='lat' dir='ltr'>triviale</span> <span class='ocrx_word' id='word_1_69' title='bbox 953 937 1154 982; x_wconf 70' lang='lat' dir='ltr'>moneta,</span> 
     </span>
    </p>
   </div>
   <div class='ocr_carea' id='block_1_7' title="bbox 1397 927 1463 972">
    <p class='ocr_par' dir='ltr' id='par_1_8' title="bbox 1397 927 1463 972">
     <span class='ocr_line' id='line_1_13' title="bbox 1397 927 1463 972; baseline 0.015 -1"><span class='ocrx_word' id='word_1_70' title='bbox 1397 927 1463 972; x_wconf 85' lang='lat'>55</span> 
     </span>
    </p>
   </div>
   <div class='ocr_carea' id='block_1_8' title="bbox 67 995 1464 1192">
    <p class='ocr_par' dir='ltr' id='par_1_9' title="bbox 67 995 1464 1192">
     <span class='ocr_line' id='line_1_14' title="bbox 68 995 1464 1055; baseline 0 -16"><span class='ocrx_word' id='word_1_71' title='bbox 68 995 232 1050; x_wconf 71' lang='lat' dir='ltr'>Hunc,</span> <span class='ocrx_word' id='word_1_72' title='bbox 281 997 463 1053; x_wconf 82' lang='lat' dir='ltr'>qualem</span> <span class='ocrx_word' id='word_1_73' title='bbox 495 1012 671 1053; x_wconf 85' lang='lat' dir='ltr'>nequeo</span> <span class='ocrx_word' id='word_1_74' title='bbox 705 1006 966 1041; x_wconf 84' lang='lat' dir='ltr'>monstrare</span> <span class='ocrx_word' id='word_1_75' title='bbox 1002 1006 1047 1039; x_wconf 81' lang='lat' dir='ltr'>et</span> <span class='ocrx_word' id='word_1_76' title='bbox 1089 1001 1235 1040; x_wconf 85' lang='lat' dir='ltr'>sentio</span> <span class='ocrx_word' id='word_1_77' title='bbox 1265 1005 1464 1055; x_wconf 78' lang='lat' dir='ltr'>tantum,</span> 
     </span>
     <span class='ocr_line' id='line_1_15' title="bbox 67 1062 1260 1120; baseline -0.002 -13"><span class='ocrx_word' id='word_1_78' title='bbox 67 1062 318 1110; x_wconf 81' lang='lat' dir='ltr'>Anxietate</span> <span class='ocrx_word' id='word_1_79' title='bbox 354 1081 510 1108; x_wconf 87' lang='lat' dir='ltr'>carens</span> <span class='ocrx_word' id='word_1_80' title='bbox 548 1070 725 1107; x_wconf 86' lang='lat' dir='ltr'>animus</span> <span class='ocrx_word' id='word_1_81' title='bbox 759 1066 890 1120; x_wconf 75' lang='lat' dir='ltr'>facit,</span> <span class='ocrx_word' id='word_1_82' title='bbox 927 1070 1074 1108; x_wconf 88' lang='lat' dir='ltr'>omnis</span> <span class='ocrx_word' id='word_1_83' title='bbox 1110 1067 1260 1108; x_wconf 82' lang='lat' dir='ltr'>acerbi</span> 
     </span>
     <span class='ocr_line' id='line_1_16' title="bbox 67 1134 1328 1192; baseline -0.001 -15"><span class='ocrx_word' id='word_1_84' title='bbox 67 1134 339 1192; x_wconf 70' lang='lat' dir='ltr'>Impatiens,</span> <span class='ocrx_word' id='word_1_85' title='bbox 384 1135 574 1191; x_wconf 86' lang='lat' dir='ltr'>cupidus</span> <span class='ocrx_word' id='word_1_86' title='bbox 609 1136 830 1176; x_wconf 79' lang='lat' dir='ltr'>silvarum</span> <span class='ocrx_word' id='word_1_87' title='bbox 865 1143 1088 1191; x_wconf 84' lang='lat' dir='ltr'>aptusque</span> <span class='ocrx_word' id='word_1_88' title='bbox 1123 1134 1328 1180; x_wconf 86' lang='lat' dir='ltr'>bibendis</span> 
     </span>
    </p>
   </div>
   <div class='ocr_carea' id='block_1_9' title="bbox 68 1201 572 1246">
    <p class='ocr_par' dir='ltr' id='par_1_10' title="bbox 68 1201 572 1246">
     <span class='ocr_line' id='line_1_17' title="bbox 68 1201 572 1246; baseline 0 0"><span class='ocrx_word' id='word_1_89' title='bbox 68 1201 285 1246; x_wconf 83' lang='lat' dir='ltr'>Fontibus</span> <span class='ocrx_word' id='word_1_90' title='bbox 321 1201 572 1246; x_wconf 86' lang='lat' dir='ltr'>Aonidum.</span> 
     </span>
    </p>
   </div>
   <div class='ocr_carea' id='block_1_10' title="bbox 68 1270 1159 1331">
    <p class='ocr_par' dir='ltr' id='par_1_11' title="bbox 68 1270 1159 1331">
     <span class='ocr_line' id='line_1_18' title="bbox 68 1270 1159 1331; baseline -0.001 -16"><span class='ocrx_word' id='word_1_91' title='bbox 68 1270 221 1316; x_wconf 86' lang='lat' dir='ltr'>Pierio</span> <span class='ocrx_word' id='word_1_92' title='bbox 255 1271 526 1330; x_wconf 85' lang='lat' dir='ltr'>thyrsumve</span> <span class='ocrx_word' id='word_1_93' title='bbox 559 1279 715 1331; x_wconf 79' lang='lat' dir='ltr'>potest-</span> <span class='ocrx_word' id='word_1_94' title='bbox 748 1275 1017 1328; x_wconf 84' lang='lat' dir='ltr'>eontingere</span> <span class='ocrx_word' id='word_1_95' title='bbox 1052 1287 1159 1314; x_wconf 86' lang='lat' dir='ltr'>sana</span> 
     </span>
    </p>
   </div>
   <div class='ocr_carea' id='block_1_11' title="bbox 72 1433 739 1707">
    <p class='ocr_par' dir='ltr' id='par_1_12' title="bbox 72 1433 739 1707">
     <span class='ocr_line' id='line_1_19' title="bbox 113 1433 739 1480; baseline 0 -11"><span class='ocrx_word' id='word_1_96' title='bbox 113 1433 169 1469; x_wconf 87' lang='lat'>46.</span> <span class='ocrx_word' id='word_1_97' title='bbox 193 1433 383 1467; x_wconf 82' lang='lat' dir='ltr'>anabatra</span> <span class='ocrx_word' id='word_1_98' title='bbox 423 1446 474 1480; x_wconf 89' lang='lat'>¹7·</span> <span class='ocrx_word' id='word_1_99' title='bbox 507 1445 558 1480; x_wconf 84' lang='lat'>¹9·</span> <span class='ocrx_word' id='word_1_100' title='bbox 591 1446 645 1468; x_wconf 78' lang='grc'>21.</span> <span class='ocrx_word' id='word_1_101' title='bbox 684 1447 739 1469; x_wconf 76' lang='grc'>22.</span> 
     </span>
     <span class='ocr_line' id='line_1_20' title="bbox 73 1492 131 1537; baseline 0 -12"><span class='ocrx_word' id='word_1_102' title='bbox 73 1492 131 1537; x_wconf 82' lang='grc'>49.</span> 
     </span>
     <span class='ocr_line' id='line_1_21' title="bbox 73 1549 129 1595; baseline 0.054 -13"><span class='ocrx_word' id='word_1_103' title='bbox 73 1549 129 1595; x_wconf 88' lang='lat'>76.</span> 
     </span>
     <span class='ocr_line' id='line_1_22' title="bbox 72 1605 738 1649; baseline 0.003 -11"><span class='ocrx_word' id='word_1_104' title='bbox 72 1607 267 1638; x_wconf 76' lang='lat' dir='ltr'>Valesianis</span> <span class='ocrx_word' id='word_1_105' title='bbox 285 1618 319 1649; x_wconf 87' lang='lat' dir='ltr'>p.</span> <span class='ocrx_word' id='word_1_106' title='bbox 345 1607 422 1638; x_wconf 82' lang='lat'><strong>208.</strong></span> <span class='ocrx_word' id='word_1_107' title='bbox 470 1606 541 1638; x_wconf 73' lang='lat' dir='ltr'>Sed</span> <span class='ocrx_word' id='word_1_108' title='bbox 567 1607 628 1639; x_wconf 83' lang='lat' dir='ltr'>Gr.</span> <span class='ocrx_word' id='word_1_109' title='bbox 651 1605 738 1640; x_wconf 73' lang='grc' dir='ltr'>ἀνά-</span> 
     </span>
     <span class='ocr_line' id='line_1_23' title="bbox 73 1663 738 1707; baseline 0.003 -13"><span class='ocrx_word' id='word_1_110' title='bbox 73 1665 199 1707; x_wconf 74' lang='grc' dir='ltr'><em>βαθρα</em></span> <span class='ocrx_word' id='word_1_111' title='bbox 230 1663 414 1704; x_wconf 83' lang='lat' dir='ltr'>dicuntur,</span> <span class='ocrx_word' id='word_1_112' title='bbox 453 1671 485 1695; x_wconf 89' lang='lat' dir='ltr'>et</span> <span class='ocrx_word' id='word_1_113' title='bbox 504 1672 597 1695; x_wconf 82' lang='lat' dir='ltr'>recte</span> <span class='ocrx_word' id='word_1_114' title='bbox 617 1664 738 1696; x_wconf 89' lang='lat' dir='ltr'>Schol.</span> 
     </span>
    </p>
   </div>
   <div class='ocr_carea' id='block_1_12' title="bbox 188 1491 739 1592">
    <p class='ocr_par' dir='ltr' id='par_1_13' title="bbox 188 1491 739 1592">
     <span class='ocr_line' id='line_1_24' title="bbox 188 1491 739 1536; baseline 0.002 -12"><span class='ocrx_word' id='word_1_115' title='bbox 188 1492 370 1524; x_wconf 85' lang='lat' dir='ltr'>anabetra</span> <span class='ocrx_word' id='word_1_116' title='bbox 404 1494 458 1536; x_wconf 87' lang='lat'>75.</span> <span class='ocrx_word' id='word_1_117' title='bbox 505 1491 739 1525; x_wconf 76' lang='lat' dir='ltr'>anabaetlzra</span> 
     </span>
     <span class='ocr_line' id='line_1_25' title="bbox 191 1549 737 1592; baseline 0.005 -12"><span class='ocrx_word' id='word_1_118' title='bbox 191 1549 398 1581; x_wconf 77' lang='lat' dir='ltr'>anahetlzra</span> <span class='ocrx_word' id='word_1_119' title='bbox 435 1551 523 1592; x_wconf 78' lang='lat' dir='ltr'>legit</span> <span class='ocrx_word' id='word_1_120' title='bbox 552 1549 667 1582; x_wconf 77' lang='lat' dir='ltr'>Vales.</span> <span class='ocrx_word' id='word_1_121' title='bbox 701 1553 737 1583; x_wconf 84' lang='lat' dir='ltr'>in</span> 
     </span>
    </p>
   </div>
   <div class='ocr_carea' id='block_1_13' title="bbox 71 1720 738 1935">
    <p class='ocr_par' dir='ltr' id='par_1_14' title="bbox 71 1720 738 1935">
     <span class='ocr_line' id='line_1_26' title="bbox 71 1720 738 1762; baseline 0 -9"><span class='ocrx_word' id='word_1_122' title='bbox 71 1729 190 1762; x_wconf 84' lang='lat' dir='ltr'>vetus,</span> <span class='ocrx_word' id='word_1_123' title='bbox 228 1722 325 1752; x_wconf 86' lang='lat' dir='ltr'>cuius</span> <span class='ocrx_word' id='word_1_124' title='bbox 359 1722 473 1762; x_wconf 82' lang='lat' dir='ltr'>glossa</span> <span class='ocrx_word' id='word_1_125' title='bbox 505 1720 548 1752; x_wconf 86' lang='lat' dir='ltr'>ad</span> <span class='ocrx_word' id='word_1_126' title='bbox 573 1721 639 1752; x_wconf 86' lang='lat' dir='ltr'>hoc</span> <span class='ocrx_word' id='word_1_127' title='bbox 658 1733 738 1753; x_wconf 73' lang='lat' dir='ltr'>ver-</span> 
     </span>
     <span class='ocr_line' id='line_1_27' title="bbox 75 1776 737 1820; baseline 0 -10"><span class='ocrx_word' id='word_1_128' title='bbox 75 1778 184 1819; x_wconf 84' lang='lat' dir='ltr'>bum,</span> <span class='ocrx_word' id='word_1_129' title='bbox 218 1789 288 1808; x_wconf 85' lang='lat' dir='ltr'>non</span> <span class='ocrx_word' id='word_1_130' title='bbox 318 1776 362 1808; x_wconf 81' lang='lat' dir='ltr'>ad</span> <span class='ocrx_word' id='word_1_131' title='bbox 388 1776 560 1809; x_wconf 76' lang='lat' dir='ltr'>subsellia</span> <span class='ocrx_word' id='word_1_132' title='bbox 589 1786 737 1820; x_wconf 85' lang='lat' dir='ltr'>spectat:</span> 
     </span>
     <span class='ocr_line' id='line_1_28' title="bbox 73 1833 738 1877; baseline 0.002 -11"><span class='ocrx_word' id='word_1_133' title='bbox 73 1833 136 1877; x_wconf 85' lang='lat' dir='ltr'>„A</span> <span class='ocrx_word' id='word_1_134' title='bbox 156 1833 292 1866; x_wconf 84' lang='lat' dir='ltr'>Graeco</span> <span class='ocrx_word' id='word_1_135' title='bbox 311 1842 483 1873; x_wconf 84' lang='lat' dir='ltr'>tractum,</span> <span class='ocrx_word' id='word_1_136' title='bbox 509 1836 530 1865; x_wconf 93' lang='lat' dir='ltr'>i.</span> <span class='ocrx_word' id='word_1_137' title='bbox 550 1847 578 1866; x_wconf 88' lang='lat' dir='ltr'>e.</span> <span class='ocrx_word' id='word_1_138' title='bbox 596 1835 738 1867; x_wconf 76' lang='lat' dir='ltr'>subsel—</span> 
     </span>
     <span class='ocr_line' id='line_1_29' title="bbox 72 1892 736 1935; baseline -0.002 -10"><span class='ocrx_word' id='word_1_139' title='bbox 72 1893 140 1934; x_wconf 73' lang='lat' dir='ltr'>na,</span> <span class='ocrx_word' id='word_1_140' title='bbox 187 1904 292 1935; x_wconf 88' lang='lat' dir='ltr'>super</span> <span class='ocrx_word' id='word_1_141' title='bbox 318 1902 406 1932; x_wconf 84' lang='lat' dir='ltr'>quae</span> <span class='ocrx_word' id='word_1_142' title='bbox 431 1892 534 1924; x_wconf 81' lang='lat' dir='ltr'>altius</span> <span class='ocrx_word' id='word_1_143' title='bbox 564 1892 736 1934; x_wconf 82' lang='lat' dir='ltr'>sedeatur,</span> 
     </span>
    </p>
   </div>
   <div class='ocr_carea' id='block_1_14' title="bbox 12 1948 634 1994">
    <p class='ocr_par' dir='ltr' id='par_1_15' title="bbox 12 1948 634 1994">
     <span class='ocr_line' id='line_1_30' title="bbox 12 1948 634 1994; baseline 0 -13"><span class='ocrx_word' id='word_1_144' title='bbox 12 1951 15 1954; x_wconf 59' lang='lat'><strong>⁴</strong></span> <span class='ocrx_word' id='word_1_145' title='bbox 70 1948 200 1994; x_wconf 84' lang='lat' dir='ltr'>gradus</span> <span class='ocrx_word' id='word_1_146' title='bbox 217 1951 411 1991; x_wconf 76' lang='lat' dir='ltr'>superiores</span> <span class='ocrx_word' id='word_1_147' title='bbox 435 1950 634 1982; x_wconf 82' lang='lat' dir='ltr'>scansiles.“</span> 
     </span>
    </p>
   </div>
   <div class='ocr_carea' id='block_1_15' title="bbox 69 2002 739 2791">
    <p class='ocr_par' dir='ltr' id='par_1_16' title="bbox 69 2002 739 2450">
     <span class='ocr_line' id='line_1_31' title="bbox 92 2002 737 2051; baseline 0.005 -13"><span class='ocrx_word' id='word_1_148' title='bbox 92 2020 101 2030; x_wconf 70' lang='lat'><em>¹</em></span> <span class='ocrx_word' id='word_1_149' title='bbox 119 2002 183 2051; x_wconf 67' lang='lat'>49.=</span> <span class='ocrx_word' id='word_1_150' title='bbox 200 2005 386 2051; x_wconf 77' lang='lat' dir='ltr'>sterilique</span> <span class='ocrx_word' id='word_1_151' title='bbox 403 2007 441 2037; x_wconf 85' lang='lat' dir='ltr'>in</span> <span class='ocrx_word' id='word_1_152' title='bbox 449 2005 599 2050; x_wconf 81' lang='lat' dir='ltr'>pulvere</span> <span class='ocrx_word' id='word_1_153' title='bbox 612 2007 737 2041; x_wconf 71' lang='lat' dir='ltr'>sulcos</span> 
     </span>
     <span class='ocr_line' id='line_1_32' title="bbox 69 2063 737 2100; baseline 0.001 -3"><span class='ocrx_word' id='word_1_154' title='bbox 69 2065 246 2100; x_wconf 83' lang='lat' dir='ltr'>Ducimus</span> <span class='ocrx_word' id='word_1_155' title='bbox 268 2068 304 2094; x_wconf 87' lang='lat' dir='ltr'>et</span> <span class='ocrx_word' id='word_1_156' title='bbox 324 2063 415 2095; x_wconf 73' lang='lat' dir='ltr'>litus</span> <span class='ocrx_word' id='word_1_157' title='bbox 438 2064 540 2096; x_wconf 77' lang='lat' dir='ltr'>tenui</span> <span class='ocrx_word' id='word_1_158' title='bbox 552 2077 737 2098; x_wconf 71' lang='lat' dir='ltr'>versamus</span> 
     </span>
     <span class='ocr_line' id='line_1_33' title="bbox 69 2122 736 2163; baseline 0.001 -9"><span class='ocrx_word' id='word_1_159' title='bbox 69 2127 198 2154; x_wconf 86' lang='lat' dir='ltr'>aratro</span> <span class='ocrx_word' id='word_1_160' title='bbox 222 2132 274 2153; x_wconf 83' lang='lat'>11.</span> <span class='ocrx_word' id='word_1_161' title='bbox 304 2132 391 2163; x_wconf 79' lang='lat' dir='ltr'>quae</span> <span class='ocrx_word' id='word_1_162' title='bbox 420 2122 524 2154; x_wconf 87' lang='lat' dir='ltr'>lectio</span> <span class='ocrx_word' id='word_1_163' title='bbox 547 2122 649 2154; x_wconf 79' lang='lat' dir='ltr'>valde</span> <span class='ocrx_word' id='word_1_164' title='bbox 676 2135 736 2155; x_wconf 82' lang='lat' dir='ltr'>ar-</span> 
     </span>
     <span class='ocr_line' id='line_1_34' title="bbox 69 2177 735 2223; baseline 0.002 -11"><span class='ocrx_word' id='word_1_165' title='bbox 69 2178 209 2212; x_wconf 81' lang='lat' dir='ltr'>ridebat</span> <span class='ocrx_word' id='word_1_166' title='bbox 228 2177 396 2210; x_wconf 87' lang='lat' dir='ltr'>Schurzss.</span> <span class='ocrx_word' id='word_1_167' title='bbox 409 2179 469 2220; x_wconf 87' lang='lat' dir='ltr'>qui</span> <span class='ocrx_word' id='word_1_168' title='bbox 490 2180 645 2212; x_wconf 88' lang='lat' dir='ltr'>allusum</span> <span class='ocrx_word' id='word_1_169' title='bbox 664 2193 735 2223; x_wconf 91' lang='lat' dir='ltr'>pu-</span> 
     </span>
     <span class='ocr_line' id='line_1_35' title="bbox 71 2234 739 2276; baseline 0.003 -8"><span class='ocrx_word' id='word_1_170' title='bbox 71 2235 168 2268; x_wconf 85' lang='lat' dir='ltr'>tabat</span> <span class='ocrx_word' id='word_1_171' title='bbox 213 2234 255 2267; x_wconf 85' lang='lat' dir='ltr'>ad</span> <span class='ocrx_word' id='word_1_172' title='bbox 290 2234 528 2276; x_wconf 73' lang='lat' dir='ltr'>virgilianum</span> <span class='ocrx_word' id='word_1_173' title='bbox 561 2237 601 2269; x_wconf 85' lang='lat' dir='ltr'>in</span> <span class='ocrx_word' id='word_1_174' title='bbox 635 2239 739 2270; x_wconf 78' lang='lat' dir='ltr'>tenui</span> 
     </span>
     <span class='ocr_line' id='line_1_36' title="bbox 73 2291 734 2339; baseline 0.003 -14"><span class='ocrx_word' id='word_1_175' title='bbox 73 2292 179 2325; x_wconf 75' lang='lat' dir='ltr'>labor</span> <span class='ocrx_word' id='word_1_176' title='bbox 199 2292 329 2334; x_wconf 80' lang='lat' dir='ltr'>Georg.</span> <span class='ocrx_word' id='word_1_177' title='bbox 347 2292 404 2333; x_wconf 91' lang='lat' dir='ltr'>IV,</span> <span class='ocrx_word' id='word_1_178' title='bbox 426 2291 458 2325; x_wconf 88' lang='grc'>6.</span> <span class='ocrx_word' id='word_1_179' title='bbox 485 2310 523 2318; x_wconf 90' lang='lat'><em>-</em></span> <span class='ocrx_word' id='word_1_180' title='bbox 550 2295 653 2327; x_wconf 81' lang='lat' dir='ltr'>tenui</span> <span class='ocrx_word' id='word_1_181' title='bbox 670 2307 734 2339; x_wconf 87' lang='lat' dir='ltr'>pro</span> 
     </span>
     <span class='ocr_line' id='line_1_37' title="bbox 71 2348 734 2395; baseline 0.006 -14"><span class='ocrx_word' id='word_1_182' title='bbox 71 2349 194 2382; x_wconf 73' lang='lat' dir='ltr'>sterili</span> <span class='ocrx_word' id='word_1_183' title='bbox 212 2361 266 2393; x_wconf 97' lang='grc'>27.</span> <span class='ocrx_word' id='word_1_184' title='bbox 292 2348 335 2383; x_wconf 87' lang='lat'>46</span> <span class='ocrx_word' id='word_1_185' title='bbox 349 2368 370 2374; x_wconf 88' lang='lat'><em>-</em></span> <span class='ocrx_word' id='word_1_186' title='bbox 383 2348 440 2383; x_wconf 85' lang='lat'>50.</span> <span class='ocrx_word' id='word_1_187' title='bbox 458 2349 514 2383; x_wconf 72' lang='lat'>54.</span> <span class='ocrx_word' id='word_1_188' title='bbox 533 2350 587 2383; x_wconf 86' lang='lat'>55.</span> <span class='ocrx_word' id='word_1_189' title='bbox 605 2350 661 2395; x_wconf 87' lang='lat'>57.</span> <span class='ocrx_word' id='word_1_190' title='bbox 678 2351 734 2386; x_wconf 81' lang='lat'>58.</span> 
     </span>
     <span class='ocr_line' id='line_1_38' title="bbox 72 2406 735 2450; baseline 0.009 -12"><span class='ocrx_word' id='word_1_191' title='bbox 72 2406 113 2439; x_wconf 76' lang='grc'>61</span> <span class='ocrx_word' id='word_1_192' title='bbox 128 2425 149 2431; x_wconf 95' lang='grc'>-</span> <span class='ocrx_word' id='word_1_193' title='bbox 164 2407 218 2450; x_wconf 87' lang='grc'>67.</span> <span class='ocrx_word' id='word_1_194' title='bbox 243 2417 279 2449; x_wconf 88' lang='lat'>71</span> <span class='ocrx_word' id='word_1_195' title='bbox 295 2424 315 2430; x_wconf 97' lang='lat'><em>-</em></span> <span class='ocrx_word' id='word_1_196' title='bbox 328 2406 381 2449; x_wconf 75' lang='grc'>74.</span> <span class='ocrx_word' id='word_1_197' title='bbox 426 2407 545 2440; x_wconf 72' lang='lat' dir='ltr'>sterili</span> <span class='ocrx_word' id='word_1_198' title='bbox 560 2408 668 2442; x_wconf 72' lang='lat' dir='ltr'>littus</span> <span class='ocrx_word' id='word_1_199' title='bbox 683 2411 735 2444; x_wconf 83' lang='grc'>15.</span> 
     </span>
    </p>

    <p class='ocr_par' dir='ltr' id='par_1_17' title="bbox 119 2462 565 2498">
     <span class='ocr_line' id='line_1_39' title="bbox 119 2462 565 2498; baseline 0.007 -2"><span class='ocrx_word' id='word_1_200' title='bbox 119 2462 176 2496; x_wconf 87' lang='grc'>51.</span> <span class='ocrx_word' id='word_1_201' title='bbox 201 2463 416 2496; x_wconf 75' lang='lat' dir='ltr'>insatiabile</span> <span class='ocrx_word' id='word_1_202' title='bbox 438 2465 486 2498; x_wconf 84' lang='grc'>15.</span> <span class='ocrx_word' id='word_1_203' title='bbox 510 2466 565 2498; x_wconf 78' lang='lat'>24.</span> 
     </span>
    </p>

    <p class='ocr_par' dir='ltr' id='par_1_18' title="bbox 71 2519 736 2791">
     <span class='ocr_line' id='line_1_40' title="bbox 121 2519 734 2565; baseline 0.003 -12"><span class='ocrx_word' id='word_1_204' title='bbox 121 2521 176 2553; x_wconf 83' lang='lat'>52.</span> <span class='ocrx_word' id='word_1_205' title='bbox 203 2519 399 2552; x_wconf 75' lang='lat' dir='ltr'>cacoethos</span> <span class='ocrx_word' id='word_1_206' title='bbox 417 2522 611 2564; x_wconf 83' lang='lat' dir='ltr'>legendum</span> <span class='ocrx_word' id='word_1_207' title='bbox 627 2531 734 2565; x_wconf 83' lang='lat' dir='ltr'>puta-</span> 
     </span>
     <span class='ocr_line' id='line_1_41' title="bbox 72 2575 735 2626; baseline 0.005 -16"><span class='ocrx_word' id='word_1_208' title='bbox 72 2575 134 2610; x_wconf 82' lang='lat' dir='ltr'>bat</span> <span class='ocrx_word' id='word_1_209' title='bbox 163 2575 303 2609; x_wconf 84' lang='lat' dir='ltr'>Ascens.</span> <span class='ocrx_word' id='word_1_210' title='bbox 336 2596 383 2601; x_wconf 90' lang='grc'><strong>-</strong></span> <span class='ocrx_word' id='word_1_211' title='bbox 416 2584 452 2609; x_wconf 78' lang='lat' dir='ltr'>et</span> <span class='ocrx_word' id='word_1_212' title='bbox 477 2579 522 2615; x_wconf 69' lang='lat' dir='ltr'>in</span> <span class='ocrx_word' id='word_1_213' title='bbox 546 2591 660 2626; x_wconf 76' lang='lat' dir='ltr'>aegro</span> <span class='ocrx_word' id='word_1_214' title='bbox 683 2591 735 2625; x_wconf 83' lang='lat'>19.</span> 
     </span>
     <span class='ocr_line' id='line_1_42' title="bbox 73 2639 735 2682; baseline 0.008 -17"><span class='ocrx_word' id='word_1_215' title='bbox 73 2639 185 2680; x_wconf 80' lang='lat' dir='ltr'>atque</span> <span class='ocrx_word' id='word_1_216' title='bbox 211 2645 324 2679; x_wconf 69' lang='lat' dir='ltr'>aegro</span> <span class='ocrx_word' id='word_1_217' title='bbox 363 2646 413 2678; x_wconf 81' lang='lat'>¹9·</span> <span class='ocrx_word' id='word_1_218' title='bbox 471 2647 653 2682; x_wconf 81' lang='lat' dir='ltr'>aegroque</span> <span class='ocrx_word' id='word_1_219' title='bbox 682 2649 735 2670; x_wconf 84' lang='grc'>11.</span> 
     </span>
     <span class='ocr_line' id='line_1_43' title="bbox 77 2690 736 2740; baseline 0.008 -18"><span class='ocrx_word' id='word_1_220' title='bbox 77 2701 130 2722; x_wconf 86' lang='lat'>12.</span> <span class='ocrx_word' id='word_1_221' title='bbox 154 2691 204 2724; x_wconf 84' lang='grc'>15.</span> <span class='ocrx_word' id='word_1_222' title='bbox 226 2690 277 2723; x_wconf 89' lang='lat'>18.</span> <span class='ocrx_word' id='word_1_223' title='bbox 298 2702 353 2724; x_wconf 84' lang='lat'>21.</span> <span class='ocrx_word' id='word_1_224' title='bbox 375 2692 428 2725; x_wconf 83' lang='lat'>25.</span> <span class='ocrx_word' id='word_1_225' title='bbox 455 2693 508 2726; x_wconf 83' lang='lat'>24.</span> <span class='ocrx_word' id='word_1_226' title='bbox 529 2693 585 2726; x_wconf 83' lang='lat'>45.</span> <span class='ocrx_word' id='word_1_227' title='bbox 625 2706 736 2740; x_wconf 81' lang='lat' dir='ltr'>aegre</span> 
     </span>
     <span class='ocr_line' id='line_1_44' title="bbox 71 2748 736 2791; baseline 0.011 -13"><span class='ocrx_word' id='word_1_228' title='bbox 71 2748 316 2791; x_wconf 84' lang='lat' dir='ltr'>reponendum</span> <span class='ocrx_word' id='word_1_229' title='bbox 345 2760 416 2781; x_wconf 74' lang='lat' dir='ltr'>esse</span> <span class='ocrx_word' id='word_1_230' title='bbox 444 2760 515 2782; x_wconf 83' lang='lat' dir='ltr'>nou</span> <span class='ocrx_word' id='word_1_231' title='bbox 553 2749 736 2785; x_wconf 75' lang='lat' dir='ltr'>dubitabat</span> 
     </span>
    </p>
   </div>
   <div class='ocr_carea' id='block_1_16' title="bbox 641 1203 1464 1259">
    <p class='ocr_par' dir='ltr' id='par_1_19' title="bbox 641 1203 1464 1259">
     <span class='ocr_line' id='line_1_45' title="bbox 641 1203 1464 1259; baseline 0.006 -15"><span class='ocrx_word' id='word_1_232' title='bbox 641 1203 804 1259; x_wconf 85' lang='lat' dir='ltr'>Neque</span> <span class='ocrx_word' id='word_1_233' title='bbox 840 1207 964 1244; x_wconf 86' lang='lat' dir='ltr'>enim</span> <span class='ocrx_word' id='word_1_234' title='bbox 996 1210 1178 1246; x_wconf 78' lang='lat' dir='ltr'>cantare</span> <span class='ocrx_word' id='word_1_235' title='bbox 1210 1204 1292 1248; x_wconf 86' lang='lat' dir='ltr'>sub</span> <span class='ocrx_word' id='word_1_236' title='bbox 1328 1215 1464 1250; x_wconf 79' lang='lat' dir='ltr'>antro</span> 
     </span>
    </p>
   </div>
   <div class='ocr_carea' id='block_1_17' title="bbox 1398 1275 1462 1319">
    <p class='ocr_par' dir='ltr' id='par_1_20' title="bbox 1398 1275 1462 1319">
     <span class='ocr_line' id='line_1_46' title="bbox 1398 1275 1462 1319; baseline 0.016 -1"><span class='ocrx_word' id='word_1_237' title='bbox 1398 1275 1462 1319; x_wconf 87' lang='lat'>60</span> 
     </span>
    </p>
   </div>
   <div class='ocr_carea' id='block_1_18' title="bbox 791 1433 1465 2795">
    <p class='ocr_par' dir='ltr' id='par_1_21' title="bbox 795 1433 1464 1649">
     <span class='ocr_line' id='line_1_47' title="bbox 798 1433 1464 1472; baseline 0.008 -6"><span class='ocrx_word' id='word_1_238' title='bbox 798 1433 923 1467; x_wconf 79' lang='lat' dir='ltr'>Graev.</span> <span class='ocrx_word' id='word_1_239' title='bbox 945 1443 984 1467; x_wconf 87' lang='lat' dir='ltr'>ut</span> <span class='ocrx_word' id='word_1_240' title='bbox 1000 1446 1119 1467; x_wconf 80' lang='lat' dir='ltr'>sensus</span> <span class='ocrx_word' id='word_1_241' title='bbox 1138 1442 1246 1467; x_wconf 81' lang='lat' dir='ltr'>esset:</span> <span class='ocrx_word' id='word_1_242' title='bbox 1271 1434 1464 1472; x_wconf 76' lang='lat' dir='ltr'>difficulter</span> 
     </span>
     <span class='ocr_line' id='line_1_48' title="bbox 798 1492 1463 1534; baseline 0.005 -10"><span class='ocrx_word' id='word_1_243' title='bbox 798 1502 831 1524; x_wconf 84' lang='lat' dir='ltr'>et</span> <span class='ocrx_word' id='word_1_244' title='bbox 850 1495 905 1524; x_wconf 77' lang='lat' dir='ltr'>vix</span> <span class='ocrx_word' id='word_1_245' title='bbox 923 1504 1093 1534; x_wconf 84' lang='lat' dir='ltr'>umquam</span> <span class='ocrx_word' id='word_1_246' title='bbox 1108 1492 1285 1524; x_wconf 83' lang='lat' dir='ltr'>scribendi</span> <span class='ocrx_word' id='word_1_247' title='bbox 1307 1497 1463 1528; x_wconf 85' lang='lat' dir='ltr'>carmina</span> 
     </span>
     <span class='ocr_line' id='line_1_49' title="bbox 797 1548 1464 1594; baseline 0.003 -13"><span class='ocrx_word' id='word_1_248' title='bbox 797 1548 968 1592; x_wconf 77' lang='lat' dir='ltr'>cupiditas</span> <span class='ocrx_word' id='word_1_249' title='bbox 992 1551 1192 1592; x_wconf 81' lang='lat' dir='ltr'>expellitur.</span> <span class='ocrx_word' id='word_1_250' title='bbox 1231 1549 1303 1582; x_wconf 85' lang='lat' dir='ltr'>Sed</span> <span class='ocrx_word' id='word_1_251' title='bbox 1321 1552 1464 1594; x_wconf 73' lang='lat' dir='ltr'>vulgata</span> 
     </span>
     <span class='ocr_line' id='line_1_50' title="bbox 795 1607 1330 1649; baseline 0.004 -12"><span class='ocrx_word' id='word_1_252' title='bbox 795 1608 901 1638; x_wconf 83' lang='lat' dir='ltr'>lectio</span> <span class='ocrx_word' id='word_1_253' title='bbox 923 1607 1015 1638; x_wconf 86' lang='lat' dir='ltr'>haud</span> <span class='ocrx_word' id='word_1_254' title='bbox 1036 1607 1142 1639; x_wconf 82' lang='lat' dir='ltr'>dubie</span> <span class='ocrx_word' id='word_1_255' title='bbox 1168 1616 1330 1649; x_wconf 82' lang='lat' dir='ltr'>praestat.</span> 
     </span>
    </p>

    <p class='ocr_par' dir='ltr' id='par_1_22' title="bbox 792 1662 1465 1924">
     <span class='ocr_line' id='line_1_51' title="bbox 843 1662 1462 1708; baseline 0.005 -12"><span class='ocrx_word' id='word_1_256' title='bbox 843 1662 897 1696; x_wconf 85' lang='grc'>56.</span> <span class='ocrx_word' id='word_1_257' title='bbox 932 1664 1055 1695; x_wconf 70' lang='lat' dir='ltr'>nescio</span> <span class='ocrx_word' id='word_1_258' title='bbox 1085 1675 1139 1707; x_wconf 86' lang='lat'>27.</span> <span class='ocrx_word' id='word_1_259' title='bbox 1158 1664 1299 1708; x_wconf 52' lang='lat' dir='ltr'>[px-49.</span> <span class='ocrx_word' id='word_1_260' title='bbox 1319 1664 1462 1699; x_wconf 69' lang='grc'><strong>54-58.</strong></span> 
     </span>
     <span class='ocr_line' id='line_1_52' title="bbox 796 1720 1465 1763; baseline 0.004 -11"><span class='ocrx_word' id='word_1_261' title='bbox 796 1720 850 1752; x_wconf 64' lang='lat' dir='ltr'>Gi.</span> <span class='ocrx_word' id='word_1_262' title='bbox 883 1732 953 1751; x_wconf 82' lang='grc'><strong>11011</strong></span> <span class='ocrx_word' id='word_1_263' title='bbox 993 1721 1147 1763; x_wconf 86' lang='lat' dir='ltr'>improb.</span> <span class='ocrx_word' id='word_1_264' title='bbox 1182 1720 1379 1763; x_wconf 78' lang='lat' dir='ltr'>Maittario,</span> <span class='ocrx_word' id='word_1_265' title='bbox 1424 1731 1465 1755; x_wconf 89' lang='lat' dir='ltr'>ut</span> 
     </span>
     <span class='ocr_line' id='line_1_53' title="bbox 795 1778 1463 1822; baseline 0.003 -12"><span class='ocrx_word' id='word_1_266' title='bbox 795 1779 876 1822; x_wconf 63' lang='lat' dir='ltr'>syll.</span> <span class='ocrx_word' id='word_1_267' title='bbox 906 1789 952 1809; x_wconf 80' lang='lat' dir='ltr'>ne</span> <span class='ocrx_word' id='word_1_268' title='bbox 979 1778 1186 1820; x_wconf 84' lang='lat' dir='ltr'>corripiatur</span> <span class='ocrx_word' id='word_1_269' title='bbox 1215 1786 1295 1809; x_wconf 84' lang='lat' dir='ltr'>aute</span> <span class='ocrx_word' id='word_1_270' title='bbox 1320 1779 1463 1812; x_wconf 79' lang='lat' dir='ltr'>literam.</span> 
     </span>
     <span class='ocr_line' id='line_1_54' title="bbox 796 1835 1462 1879; baseline 0.005 -13"><span class='ocrx_word' id='word_1_271' title='bbox 796 1847 814 1867; x_wconf 79' lang='lat' dir='ltr'><em>S</em></span> <span class='ocrx_word' id='word_1_272' title='bbox 836 1836 1102 1877; x_wconf 85' lang='lat' dir='ltr'>liquescentem,</span> <span class='ocrx_word' id='word_1_273' title='bbox 1126 1835 1182 1866; x_wconf 63' lang='lat' dir='ltr'>vel</span> <span class='ocrx_word' id='word_1_274' title='bbox 1202 1836 1381 1879; x_wconf 84' lang='lat' dir='ltr'>antipodia</span> <span class='ocrx_word' id='word_1_275' title='bbox 1395 1837 1462 1869; x_wconf 89' lang='lat' dir='ltr'>ad-</span> 
     </span>
     <span class='ocr_line' id='line_1_55' title="bbox 792 1894 964 1924; baseline -0.006 0"><span class='ocrx_word' id='word_1_276' title='bbox 792 1894 964 1924; x_wconf 76' lang='lat' dir='ltr'>mittatur.</span> 
     </span>
    </p>

    <p class='ocr_par' dir='ltr' id='par_1_23' title="bbox 791 1948 1462 2795">
     <span class='ocr_line' id='line_1_56' title="bbox 839 1948 1460 1994; baseline 0.003 -13"><span class='ocrx_word' id='word_1_277' title='bbox 839 1950 893 1982; x_wconf 83' lang='lat'>60.</span> <span class='ocrx_word' id='word_1_278' title='bbox 931 1948 1164 1994; x_wconf 74' lang='lat' dir='ltr'>thyrsumque</span> <span class='ocrx_word' id='word_1_279' title='bbox 1187 1960 1215 1981; x_wconf 84' lang='lat'>1.</span> <span class='ocrx_word' id='word_1_280' title='bbox 1240 1948 1291 1981; x_wconf 91' lang='lat'>18.</span> <span class='ocrx_word' id='word_1_281' title='bbox 1317 1949 1358 1983; x_wconf 72' lang='lat'>25</span> <span class='ocrx_word' id='word_1_282' title='bbox 1377 1962 1394 1982; x_wconf 88' lang='lat' dir='ltr'>a</span> <span class='ocrx_word' id='word_1_283' title='bbox 1411 1962 1460 1984; x_wconf 90' lang='lat' dir='ltr'>m.</span> 
     </span>
     <span class='ocr_line' id='line_1_57' title="bbox 793 2007 1460 2050; baseline 0.004 -12"><span class='ocrx_word' id='word_1_284' title='bbox 793 2018 860 2038; x_wconf 88' lang='lat' dir='ltr'>sec.</span> <span class='ocrx_word' id='word_1_285' title='bbox 885 2007 940 2038; x_wconf 60' lang='lat'>³15.</span> <span class='ocrx_word' id='word_1_286' title='bbox 974 2024 1019 2031; x_wconf 91' lang='lat'><em>-</em></span> <span class='ocrx_word' id='word_1_287' title='bbox 1054 2016 1153 2038; x_wconf 77' lang='lat' dir='ltr'>sana</span> <span class='ocrx_word' id='word_1_288' title='bbox 1175 2007 1337 2049; x_wconf 78' lang='lat' dir='ltr'>plerique</span> <span class='ocrx_word' id='word_1_289' title='bbox 1364 2008 1460 2050; x_wconf 81' lang='lat' dir='ltr'>libri,</span> 
     </span>
     <span class='ocr_line' id='line_1_58' title="bbox 794 2065 1462 2105; baseline 0.003 -10"><span class='ocrx_word' id='word_1_290' title='bbox 794 2075 882 2105; x_wconf 89' lang='lat' dir='ltr'>quos</span> <span class='ocrx_word' id='word_1_291' title='bbox 907 2070 1074 2105; x_wconf 85' lang='lat' dir='ltr'>sequutus</span> <span class='ocrx_word' id='word_1_292' title='bbox 1099 2075 1197 2103; x_wconf 81' lang='lat' dir='ltr'>sum,</span> <span class='ocrx_word' id='word_1_293' title='bbox 1236 2074 1286 2094; x_wconf 84' lang='grc' dir='ltr'>1ο.</span> <span class='ocrx_word' id='word_1_294' title='bbox 1321 2075 1372 2096; x_wconf 87' lang='grc'>11.</span> <span class='ocrx_word' id='word_1_295' title='bbox 1409 2065 1462 2097; x_wconf 89' lang='grc'>15.</span> 
     </span>
     <span class='ocr_line' id='line_1_59' title="bbox 796 2119 1461 2166; baseline 0.002 -13"><span class='ocrx_word' id='word_1_296' title='bbox 796 2132 848 2165; x_wconf 91' lang='grc'>17.</span> <span class='ocrx_word' id='word_1_297' title='bbox 885 2132 1024 2164; x_wconf 66' lang='grc'><strong>19-27.</strong></span> <span class='ocrx_word' id='word_1_298' title='bbox 1057 2120 1200 2153; x_wconf 73' lang='grc'><strong>45-50.</strong></span> <span class='ocrx_word' id='word_1_299' title='bbox 1228 2119 1369 2165; x_wconf 62' lang='grc'><strong>54-69.</strong></span> <span class='ocrx_word' id='word_1_300' title='bbox 1396 2134 1461 2166; x_wconf 89' lang='grc'>71-</span> 
     </span>
     <span class='ocr_line' id='line_1_60' title="bbox 794 2177 1462 2222; baseline 0.001 -12"><span class='ocrx_word' id='word_1_301' title='bbox 794 2189 849 2222; x_wconf 65' lang='grc'>71.</span> <span class='ocrx_word' id='word_1_302' title='bbox 871 2180 1032 2221; x_wconf 79' lang='lat' dir='ltr'>plerique</span> <span class='ocrx_word' id='word_1_303' title='bbox 1055 2178 1250 2221; x_wconf 84' lang='lat' dir='ltr'>optimique</span> <span class='ocrx_word' id='word_1_304' title='bbox 1273 2177 1377 2210; x_wconf 85' lang='lat' dir='ltr'>codd.</span> <span class='ocrx_word' id='word_1_305' title='bbox 1391 2179 1462 2211; x_wconf 75' lang='lat' dir='ltr'>Pa-</span> 
     </span>
     <span class='ocr_line' id='line_1_61' title="bbox 792 2235 1461 2278; baseline 0.001 -11"><span class='ocrx_word' id='word_1_306' title='bbox 792 2236 850 2267; x_wconf 86' lang='lat' dir='ltr'>ris.</span> <span class='ocrx_word' id='word_1_307' title='bbox 871 2237 962 2267; x_wconf 74' lang='lat' dir='ltr'>forte</span> <span class='ocrx_word' id='word_1_308' title='bbox 984 2243 1017 2267; x_wconf 90' lang='lat' dir='ltr'>et</span> <span class='ocrx_word' id='word_1_309' title='bbox 1047 2244 1146 2267; x_wconf 87' lang='lat' dir='ltr'>vetus</span> <span class='ocrx_word' id='word_1_310' title='bbox 1175 2235 1296 2268; x_wconf 82' lang='lat' dir='ltr'>Schol.</span> <span class='ocrx_word' id='word_1_311' title='bbox 1324 2238 1384 2278; x_wconf 89' lang='lat' dir='ltr'>qui</span> <span class='ocrx_word' id='word_1_312' title='bbox 1412 2238 1461 2268; x_wconf 84' lang='lat' dir='ltr'>ita</span> 
     </span>
     <span class='ocr_line' id='line_1_62' title="bbox 792 2292 1460 2335; baseline 0.001 -10"><span class='ocrx_word' id='word_1_313' title='bbox 792 2293 827 2325; x_wconf 91' lang='lat' dir='ltr'>h.</span> <span class='ocrx_word' id='word_1_314' title='bbox 868 2293 893 2324; x_wconf 90' lang='lat' dir='ltr'>l.</span> <span class='ocrx_word' id='word_1_315' title='bbox 939 2294 1207 2335; x_wconf 82' lang='lat' dir='ltr'>interpretatur:</span> <span class='ocrx_word' id='word_1_316' title='bbox 1270 2292 1460 2333; x_wconf 77' lang='lat' dir='ltr'>„Insanire</span> 
     </span>
     <span class='ocr_line' id='line_1_63' title="bbox 791 2349 1461 2393; baseline 0.003 -13"><span class='ocrx_word' id='word_1_317' title='bbox 791 2361 923 2393; x_wconf 76' lang='lat' dir='ltr'>pauper</span> <span class='ocrx_word' id='word_1_318' title='bbox 944 2360 1015 2382; x_wconf 87' lang='lat' dir='ltr'>non</span> <span class='ocrx_word' id='word_1_319' title='bbox 1038 2358 1153 2393; x_wconf 78' lang='lat' dir='ltr'>potest</span> <span class='ocrx_word' id='word_1_320' title='bbox 1171 2356 1229 2381; x_wconf 74' lang='lat' dir='ltr'>ant</span> <span class='ocrx_word' id='word_1_321' title='bbox 1256 2351 1387 2382; x_wconf 73' lang='lat' dir='ltr'>moveri</span> <span class='ocrx_word' id='word_1_322' title='bbox 1416 2349 1461 2383; x_wconf 75' lang='lat' dir='ltr'>ad</span> 
     </span>
     <span class='ocr_line' id='line_1_64' title="bbox 792 2406 1462 2448; baseline 0.001 -8"><span class='ocrx_word' id='word_1_323' title='bbox 792 2406 1043 2448; x_wconf 76' lang='lat' dir='ltr'>scribendum,</span> <span class='ocrx_word' id='word_1_324' title='bbox 1092 2407 1174 2448; x_wconf 84' lang='lat' dir='ltr'>quia</span> <span class='ocrx_word' id='word_1_325' title='bbox 1225 2406 1462 2441; x_wconf 74' lang='lat' dir='ltr'>familiaribus</span> 
     </span>
     <span class='ocr_line' id='line_1_65' title="bbox 791 2463 1462 2504; baseline 0.003 -8"><span class='ocrx_word' id='word_1_326' title='bbox 791 2465 897 2497; x_wconf 83' lang='lat' dir='ltr'>rebus</span> <span class='ocrx_word' id='word_1_327' title='bbox 927 2463 1110 2496; x_wconf 83' lang='lat' dir='ltr'>consulere</span> <span class='ocrx_word' id='word_1_328' title='bbox 1149 2463 1303 2504; x_wconf 77' lang='lat' dir='ltr'>cogitur:</span> <span class='ocrx_word' id='word_1_329' title='bbox 1337 2463 1462 2498; x_wconf 76' lang='lat' dir='ltr'>dicunt</span> 
     </span>
     <span class='ocr_line' id='line_1_66' title="bbox 792 2521 1462 2563; baseline 0.003 -10"><span class='ocrx_word' id='word_1_330' title='bbox 792 2533 897 2562; x_wconf 83' lang='lat' dir='ltr'>nam,</span> <span class='ocrx_word' id='word_1_331' title='bbox 920 2522 986 2553; x_wconf 83' lang='lat' dir='ltr'>nisi</span> <span class='ocrx_word' id='word_1_332' title='bbox 1007 2521 1188 2560; x_wconf 86' lang='lat' dir='ltr'>insanum,</span> <span class='ocrx_word' id='word_1_333' title='bbox 1220 2527 1363 2563; x_wconf 77' lang='lat' dir='ltr'>poetam</span> <span class='ocrx_word' id='word_1_334' title='bbox 1387 2532 1462 2555; x_wconf 73' lang='lat' dir='ltr'>esse</span> 
     </span>
     <span class='ocr_line' id='line_1_67' title="bbox 792 2576 1460 2622; baseline 0 -11"><span class='ocrx_word' id='word_1_335' title='bbox 792 2591 864 2612; x_wconf 88' lang='lat' dir='ltr'>non</span> <span class='ocrx_word' id='word_1_336' title='bbox 882 2579 1017 2622; x_wconf 88' lang='lat' dir='ltr'>posse.“</span> <span class='ocrx_word' id='word_1_337' title='bbox 1061 2587 1175 2608; x_wconf 77' lang='lat' dir='ltr'>saeva</span> <span class='ocrx_word' id='word_1_338' title='bbox 1197 2588 1227 2617; x_wconf 89' lang='lat'>7.</span> <span class='ocrx_word' id='word_1_339' title='bbox 1253 2576 1314 2613; x_wconf 65' lang='lat'>14„</span> <span class='ocrx_word' id='word_1_340' title='bbox 1329 2578 1380 2610; x_wconf 81' lang='grc'>16.</span> <span class='ocrx_word' id='word_1_341' title='bbox 1408 2578 1460 2614; x_wconf 83' lang='grc'>18,</span> 
     </span>
     <span class='ocr_line' id='line_1_68' title="bbox 793 2633 1457 2678; baseline -0.003 -8"><span class='ocrx_word' id='word_1_342' title='bbox 793 2648 832 2670; x_wconf 88' lang='grc'>21</span> <span class='ocrx_word' id='word_1_343' title='bbox 859 2636 901 2668; x_wconf 85' lang='lat' dir='ltr'>ad</span> <span class='ocrx_word' id='word_1_344' title='bbox 922 2645 1034 2676; x_wconf 82' lang='lat' dir='ltr'>marg.</span> <span class='ocrx_word' id='word_1_345' title='bbox 1055 2645 1111 2678; x_wconf 78' lang='lat'>29.</span> <span class='ocrx_word' id='word_1_346' title='bbox 1129 2646 1250 2677; x_wconf 62' lang='lat' dir='ltr'>prava,</span> <span class='ocrx_word' id='word_1_347' title='bbox 1276 2633 1339 2666; x_wconf 81' lang='lat' dir='ltr'>sed</span> <span class='ocrx_word' id='word_1_348' title='bbox 1359 2635 1457 2668; x_wconf 81' lang='lat' dir='ltr'>facili</span> 
     </span>
     <span class='ocr_line' id='line_1_69' title="bbox 793 2694 1462 2726; baseline -0.003 0"><span class='ocrx_word' id='word_1_349' title='bbox 793 2694 1024 2726; x_wconf 80' lang='lat' dir='ltr'>aberratione.</span> <span class='ocrx_word' id='word_1_350' title='bbox 1071 2697 1214 2724; x_wconf 76' lang='lat' dir='ltr'>moesta</span> <span class='ocrx_word' id='word_1_351' title='bbox 1245 2703 1297 2723; x_wconf 69' lang='grc' dir='ltr'><strong>ι’).</strong></span> <span class='ocrx_word' id='word_1_352' title='bbox 1329 2694 1380 2724; x_wconf 68' lang='grc'>15.</span> <span class='ocrx_word' id='word_1_353' title='bbox 1405 2703 1462 2724; x_wconf 75' lang='grc' dir='ltr'>ὀ.</span> 
     </span>
     <span class='ocr_line' id='line_1_70' title="bbox 793 2747 1457 2795; baseline -0.003 -12"><span class='ocrx_word' id='word_1_354' title='bbox 793 2750 846 2795; x_wconf 74' lang='lat'>75.</span> <span class='ocrx_word' id='word_1_355' title='bbox 871 2751 925 2795; x_wconf 63' lang='lat'>76.</span> <span class='ocrx_word' id='word_1_356' title='bbox 948 2761 1002 2794; x_wconf 79' lang='grc'><strong>7’·.</strong></span> <span class='ocrx_word' id='word_1_357' title='bbox 1029 2748 1084 2783; x_wconf 74' lang='grc'>82.</span> <span class='ocrx_word' id='word_1_358' title='bbox 1114 2757 1147 2782; x_wconf 86' lang='lat' dir='ltr'>et</span> <span class='ocrx_word' id='word_1_359' title='bbox 1175 2747 1321 2792; x_wconf 71' lang='lat' dir='ltr'>quidam</span> <span class='ocrx_word' id='word_1_360' title='bbox 1353 2748 1457 2782; x_wconf 68' lang='lat' dir='ltr'>codd.</span> 
     </span>
    </p>
   </div>
  </div>
 </body>
</html>
