1759 3029
571 92 897 134 SATIRA
970 93 1100 133 XVI.
1457 91 1535 134 501.

147 213 318 266 possint.
373 211 423 250 In
453 209 742 263 antiquissimis
768 209 886 247 libris
917 207 1021 247 hanc
1052 209 1228 247 Satiram
1264 221 1349 247 non
1375 212 1539 246 exstare

147 287 326 319 testatur
356 278 494 317 Valla:
545 277 771 330 penultima
814 282 875 314 cst
910 277 956 314 in
985 276 1100 314 codd.
1129 276 1283 314 nostris
1311 288 1371 314 12.
1400 281 1441 313 et
1474 276 1534 313 15.

148 362 225 387 1100
255 362 342 386 11011
369 348 414 383 111
442 345 530 382 aliis
559 343 780 392 Camerini,
813 343 922 396 quod
950 345 1098 395 probat
1125 343 1259 382 Schol.
1279 343 1419 381 Barth.
1441 344 1536 381 Pri-

146 417 223 454 mis
254 428 415 467 quoque
452 412 638 450 versibus
665 413 833 462 ingrata,
863 426 915 449 110
945 411 1075 449 dicam
1108 412 1270 460 insulsa,
1307 412 1414 449 inest
1441 418 1536 449 tau—

143 484 308 534 tologia,
338 494 418 534 qua
446 479 587 518 eadem
617 480 733 517 notio
765 486 909 530 quater
947 480 1219 530 exprimitur:
1268 482 1420 532 felicis
1453 482 1534 516 mi·-

143 552 279 598 litl'ae,
298 563 504 601 pro-spera
529 556 681 590 castra,
709 547 885 584 seeundo
909 548 1053 592 sidere,
1078 550 1175 600 fizti
1198 549 1382 598 benigni.
1441 547 1533 584 Hoc

143 625 282 656 tamen
311 616 469 653 Satirae
498 614 751 665 principium
779 615 813 652 si
844 616 1068 666 exceperis,
1096 629 1180 653 non
1207 616 1328 667 plane
1359 613 1534 651 dedece—

143 691 210 723 ret
235 683 487 726 Iuvenalem,
520 695 608 717 eam
637 682 868 732 scripsisse:
897 696 991 720 nam
1021 689 1063 720 et
1089 697 1112 721 a
1141 684 1247 734 stylo
1274 683 1360 719 eius
1387 681 1533 719 rheto-

138 753 305 803 ricaque
323 762 464 789 rerum
491 748 736 785 tractatione
751 747 860 787 haud
881 749 1088 798 abhorret,
1111 757 1152 788 et
1172 749 1426 801 politissimis
1443 749 1534 800 pla-

141 825 208 857 cet
235 817 410 855 facetiis.
468 815 680 852 Nonnulla
722 816 846 853 etiam
887 817 973 853 eius
1003 817 1094 854 loca
1123 824 1329 870 tamquam
1357 815 1533 856 Iuvena-

137 887 189 925 lis
219 884 440 923 laudantur
467 888 557 919 tum
586 896 608 919 a
635 883 780 920 Servio
810 883 856 921 in
881 884 996 934 Virg.
1027 884 1130 922 Aen.
1164 883 1192 921 I.
1236 891 1278 922 et
1306 883 1352 922 II.
1391 891 1480 923 tum
1509 900 1533 923 a

137 952 349 992 Prisciano
379 950 450 986 lib.
479 947 589 987 Vffl.
621 963 653 986 c.
682 963 718 1000 9.
750 956 792 987 ct
823 952 884 988 14.
956 951 1071 1000 Quae
1102 966 1229 1003 quum
1255 953 1312 990 ita
1334 954 1427 1000 sint,
1455 954 1530 990 Sa—

135 1022 219 1059 tira
245 1018 346 1056 haec
375 1017 444 1055 vel
472 1018 520 1054 ab
548 1018 637 1068 ipso
668 1015 872 1065 Iuvenale,
899 1018 1041 1058 forsan
1070 1019 1289 1058 admodum
1317 1035 1432 1069 sene,
1461 1027 1531 1058 aut

137 1101 223 1126 non
251 1087 347 1124 satis
372 1084 524 1132 limate,
554 1084 621 1121 vel
661 1084 709 1122 ab
741 1085 972 1136 antiquiore
1011 1086 1153 1125 saltem
1192 1090 1416 1140 scriptore,
1462 1090 1533 1140 qui

138 1154 250 1193 haud
275 1152 406 1191 invita
420 1151 613 1189 Minerva
642 1153 821 1189 animum
853 1152 903 1189 ad
930 1155 1295 1206 musicam-poesin
1320 1157 1532 1207 applicue-

136 1223 208 1270 rit,
239 1219 466 1272 composita
495 1219 673 1257 videtur.
714 1218 1079 1258 Schurzfleischius
1108 1230 1260 1271 monet,
1285 1223 1428 1261 stilum
1456 1238 1529 1261 va·-

136 1289 245 1327 riare
272 1285 496 1324 secundum
535 1292 708 1324 aetatem
740 1293 781 1324 et
811 1285 1043 1326 Iuvenalem
1072 1289 1214 1327 forsan
1241 1291 1360 1329 valde
1390 1305 1528 1329 senem

73 1348 82 1351 ”
134 1356 344 1407 scripsisse
370 1353 474 1392 hanc
505 1353 691 1401 Sat-iram,
722 1369 848 1406 quum
887 1356 931 1394 in
957 1357 1190 1407 Aegyptum
1236 1372 1258 1395 a
1285 1359 1527 1396 Domitiano

136 1424 284 1472 (immo
309 1421 544 1473 Hadriano)
571 1423 774 1472 relegatus
819 1429 936 1461 essct.
995 1423 1242 1463 Plathnerus
1283 1431 1427 1463 contra
1453 1440 1524 1463 su*

133 1491 377 1542 spicabatur,
409 1502 497 1526 eam
529 1503 552 1525 a
581 1488 755 1540 quodam
787 1491 950 1527 erudito
986 1491 1200 1529 literatore
1237 1492 1286 1530 ad
1314 1493 1526 1530 stabilien—

135 1557 234 1596 dum
262 1557 500 1606 figmentum
528 1554 652 1593 huius
681 1557 941 1607 relegationis
968 1557 1094 1595 fuisse
1122 1560 1338 1598 conditam.
1381 1560 1525 1602 Adno-

134 1625 237 1662 tatio
265 1623 485 1660 Heineckii
515 1629 575 1659 est
614 1622 735 1660 haec:
794 1654 820 1673 ‚‚
832 1625 929 1662 Non
966 1625 1087 1663 facile
1119 1625 1266 1664 adduci
1293 1633 1453 1679 potere,
1478 1634 1526 1665 ut

135 1690 311 1741 credam,
337 1688 440 1726 hanc
481 1690 655 1727 Satiram
697 1688 901 1728 Iuvenalis
942 1706 1052 1741 esse3
1110 1694 1260 1745 quippe
1285 1695 1328 1731 in
1352 1696 1526 1732 tractio-

132 1772 186 1797 ne
213 1770 392 1795 summae
417 1759 526 1794 inest
557 1757 667 1809 quod
693 1758 906 1809 displiceat
934 1766 976 1797 et
1005 1774 1026 1797 a
1053 1760 1200 1798 Nostri
1229 1762 1525 1800 consuetudine

133 1826 314 1864 alienum
350 1824 552 1863 videatur.
625 1823 828 1863 Iuvenalis
872 1828 907 1864 si
934 1828 1059 1865 talem
1100 1829 1312 1867 materiam
1347 1835 1525 1867 tractare

133 1892 346 1940 voluisset,
371 1890 482 1929 haud
511 1891 635 1930 dubie
665 1892 715 1929 de
746 1893 970 1932 commodis
995 1895 1173 1933 militum
1203 1897 1408 1947 copiosius
1437 1897 1523 1934 dis—

131 1965 328 2012 putasset.
416 1959 497 1997 Sed
538 1958 606 1996 hic
649 1966 792 1998 auctor
830 1975 950 2012 quam
986 1963 1123 2000 ieiune
1153 1970 1339 2002 versatus
1379 1971 1440 2001 est
1479 1967 1523 2003 111

130 2042 206 2066 suo
233 2032 470 2078 argumento
506 2027 744 2065 tractando!
803 2029 1019 2067 Promittit
1054 2031 1169 2082 loqui
1211 2031 1260 2068 de
1299 2033 1523 2070 commodis

133 2096 419 2133 'communibus
446 2095 635 2143 militum,
674 2095 744 2132 sed
772 2097 959 2148 loquitur
995 2103 1155 2136 tantum
1195 2098 1244 2136 (10
1273 2113 1368 2137 11110.
1425 2100 1522 2140 Pri-

134 2164 212 2200 mis
241 2176 342 2200 vero
360 2162 516 2200 satirae
543 2163 729 2200 versibus
756 2177 877 2200 nemo
907 2164 1149 2213 offendctur,
1179 2167 1250 2216 qui
1274 2167 1521 2212 meminerit,

135 2237 274 2266 castra
300 2229 456 2283 saepius
488 2229 569 2267 dici
595 2244 674 2281 pro
704 2231 790 2282 ipsa
818 2232 1094 2283 expeditione.
1155 2232 1218 2269 Cs.
1250 2234 1440 2271 Oudend.
1470 2233 1526 2275 ad*

133 2295 289 2334 Lucan.
325 2294 354 2343 l,
383 2297 479 2346 374.
554 2298 600 2335 Si
626 2297 837 2349 expeditio
863 2313 1060 2351 prospera
1089 2306 1171 2347 est,
1216 2306 1336 2351 opto,
1372 2308 1420 2338 ut
1446 2315 1520 2352 ego

134 2358 297 2413 quoque
326 2363 504 2402 secundo
534 2365 670 2402 omine
698 2366 784 2402 eius
814 2367 1018 2416 particeps
1046 2367 1133 2404 sim.
1161 2367 1386 2418 Expeditio
1411 2370 1522 2406 enim

133 2428 238 2466 bene
267 2427 411 2466 cedere
438 2437 585 2480 potest,
616 2438 658 2469 et
683 2439 822 2469 tamen
848 2433 995 2482 singuli
1025 2433 1209 2470 homines
1238 2441 1409 2485 possunt
1430 2450 1518 2474 esse

116 2494 360 2533 .inselices.“
385 2494 477 2533 Hoc
508 2497 648 2549 itaque
678 2505 740 2536 est
768 2513 909 2550 sapere
920 2514 929 2546 3
961 2505 1003 2536 et
1033 2500 1238 2539 offendere
1263 2508 1401 2554 potest
1427 2517 1516 2541 voc.

132 2570 286 2605 castra,
317 2575 400 2599 non
422 2562 633 2602 felicitatis
660 2568 776 2604 notio
802 2567 924 2603 toties
946 2567 1161 2605 inculcata.
