1759 3029
586 83 931 128 SATIRA
1004 84 1099 127 111.

1487 83 1545 140 '57

147 199 314 243 -Puuau
342 213 579 257 proceres,
610 198 762 241 differt
783 197 1042 240 vadimonia
1068 199 1269 241 Praetor.

153 268 283 309 Tunc
309 267 528 323 gemimus
556 283 678 310 casus
707 267 841 308 Urbis
856 297 868 318 ,
906 275 1014 309 tunc
1045 265 1218 307 odimus
1245 267 1412 323 ignem.

150 334 295 377 Ardet
322 334 479 388 adhue,
511 344 556 378 et
581 335 672 376 iam
696 334 906 386 occurrit,
936 334 1012 390 qui
1030 348 1259 375 marmora
1283 334 1431 388 donet,
1456 335 1541 379 215⁴

150 401 366 444 Conferat
392 403 633 460 impensas.

693 402 777 444 Hic
805 402 925 443 nuda
955 410 999 444 et
1023 400 1210 444 candjda
1232 402 1373 457 signa,

146 467 232 511 Hic
261 470 429 526 aliquid
456 472 740 528 praeclarum
767 469 1078 527 Euphranoris
1123 478 1167 512 et
1195 469 1430 526 Polycleti,

145 534 268 578 Haec
297 537 570 580 Asifflxorum
598 547 752 580 vetera
782 546 1046 580 ornamenta
1070 538 1290 589 Deorum,

143 602 231 647 Hic
255 605 392 648 libros
423 606 542 649 dabit
571 615 615 649 et
641 605 810 649 forulos
839 605 1123 662 mediamque
1152 605 1430 658 Minervam.

145 760 201 796 65.
233 775 286 808 70.
334 762 490 796 Arcturi
514 762 568 796 25.
597 775 651 808 27.
678 765 732 798 28.
753 764 809 809 47.

143 819 304 855 Arthuri
321 820 376 853 24.
425 820 605 853 Archturi
635 821 686 854 13.
726 821 810 854 Ac-

139 877 222 909 auri
252 887 302 908 10.
350 877 500 921 Astyr-ii
521 878 576 921 49.
593 876 648 910 54.
667 877 722 921 57.
742 877 810 911 61-

144 932 201 965 65.
221 932 360 978 67-69.
392 945 445 978 71.
478 934 531 978 73.
580 934 731 979 Assyrii
755 947 808 979 72.

144 990 385 1025 ›Osturici-22
415 1004 434 1023 a
470 1002 520 1025 m.
560 1003 613 1034 pr.

141 1044 382 1090 suspicabatur
399 1049 562 1081 Pulman.
581 1056 615 1079 et
633 1049 707 1080 noti
731 1058 812 1081 sunt

143 1116 163 1136 e
185 1105 306 1136 Tacito
326 1105 363 1138 P.
385 1103 547 1136 Ostorius
573 1105 734 1149 Scapula,
759 1106 808 1139 M.

143 1163 237 1196 filius
264 1164 355 1203 eius,
388 1169 422 1193 et
451 1160 612 1194 Ostorius
644 1161 808 1196 Sabinus.

671 992 814 1024 Ostorii

138 1212 218 1252 Sed
264 1220 348 1251 talia
382 1221 422 1261 jn
473 1219 642 1263 ambiguo
692 1222 807 1253 reliu-

144 1276 296 1320 quenda.

191 1374 269 1409 214.
299 1374 468 1420 geminus
495 1373 548 1408 15.
584 1373 636 1410 16.
660 1374 802 1409 45-48.

143 1435 192 1467 zu.
217 1451 264 1459 --
291 1430 390 1464 urbis
409 1442 519 1464 casus
544 1430 600 1464 46.
619 1431 675 1476 47.
694 1431 750 1466 5ο.
770 1450 807 1458 -

141 1490 249 1536 ignes
270 1491 325 1523 24.

145 1586 150 1591 ·
190 1576 270 1609 215.
292 1576 402 1607 etiam
422 1574 474 1608 14.
501 1591 542 1601 —
573 1574 715 1619 iamque
743 1585 807 1617 pro

146 1640 184 1667 et
202 1635 275 1665 iam
292 1643 335 1665 22
362 1645 379 1664 a
397 1643 446 1664 m.
466 1643 533 1664 sec.
554 1649 599 1655 -—-
617 1631 730 1663 currit
750 1631 805 1664 45.

145 1695 315 1725 accurret
337 1687 389 1722 16.
417 1686 574 1720 occurrit
595 1699 646 1720 1ο.
674 1699 724 1720 12.
741 1700 806 1720 21-

143 1759 200 1792 27.
220 1745 343 1780 46-50.
365 1745 420 1779 54.
441 1744 496 1778 55.
523 1744 662 1788 57-60.
682 1743 806 1789 65-69.

141 1812 179 1840 et
197 1814 319 1836 omnes
341 1801 446 1836 codd.
463 1801 569 1834 Paris.
599 1801 693 1834 unde
713 1814 807 1834 nunc

145 1862 302 1895 revocavi
339 1871 422 1891 cum
456 1859 543 1891 Ach.
598 1859 805 1898 Occurrere,

145 1927 185 1952 ut
199 1916 349 1962 φθάνειν
368 1925 401 1948 ct
424 1915 578 1960 ἀπαντᾶν
597 1927 622 1948 s·
636 1916 807 1948 καταντᾶν

141 1975 211 2008 τινὶ
232 1968 289 2007 νεΪ
303 1974 361 2015 εἷς,
379 1972 435 2005 im?
450 1981 483 2004 et
502 1971 588 2018 πρός
607 1985 661 2015 τι,
692 1974 807 2017 signi-

143 2033 224 2064 ficat
247 2033 388 2071 venire,
422 2030 584 2062 advenire
616 2038 650 2062 et
680 2041 808 2062 occur—

146 2099 222 2121 rere
251 2089 306 2120 vel
334 2089 370 2120 in
399 2096 575 2130 tempore,
612 2089 669 2119 vel
688 2087 805 2120 subito

145 2154 183 2178 et
210 2147 456 2188 inexspectato,
489 2157 520 2178 v.
549 2145 593 2176 ad
617 2145 691 2178 Liv.
713 2144 807 2186 XXI,

143 2201 203 2234 61.
232 2213 284 2244 pr.
307 2201 392 2234 Ern.
424 2201 468 2232 ad
508 2201 605 2234 Suet.
640 2201 716 2235 Cal.
751 2202 806 2246 59.

146 2253 272 2291 Graev.
291 2266 326 2289 et
344 2257 508 2290 Oudbnd.
536 2257 580 2289 ad
612 2258 710 2292 Suet.
733 2259 807 2293 Cal.

146 2312 204 2347 26.
218 2315 378 2347 accurrit
385 2317 448 2348 rel.
460 2314 564 2348 codd.
577 2324 609 2348 et
622 2315 700 2350 edd.
713 2316 809 2359 quod

146 2372 278 2415 passim
295 2368 548 2405 substituerunt
568 2373 714 2416 librarii,
735 2375 809 2406 viru

150 2427 248 2459 verbi
269 2438 452 2460 occurrere
461 2430 672 2471 ignorantes.
681 2448 726 2455 -
736 2430 808 2463 do-

150 2490 222 2516 nat
243 2495 296 2517 12.
315 2484 371 2518 45.
408 2485 530 2518 domet
548 2487 604 2540 47.
620 2486 676 2520 50.

196 2574 275 2608 218.
298 2575 404 2609 Haec
421 2574 645 2610 Asianorum
669 2579 741 2613 1.8.
756 2590 808 2614 11.

150 2642 304 2676 quorum
342 2644 472 2678 magna
512 2641 565 2670 est
613 2639 810 2673 auctoritas.

867 765 919 796 Ita
931 765 1171 807 significantur
1187 765 1375 796 simulacra
1388 759 1539 797 deorum

868 823 1005 863 aliaque
1025 822 1245 863 templorum
1263 829 1480 861 ornamenta,
1504 828 1539 853 et

867 879 1015 920 quidem
1028 882 1165 917 velera,
1191 880 1296 909 variis
1316 878 1538 920 temporibus

1464 934 1542 968 Hie

1476 990 1539 1024 sed

868 1050 1050 1090 utriusque
1070 1060 1168 1080 sexus
1191 1048 1350 1080 studium
1376 1056 1410 1079 et
1434 1060 1540 1091 opera

869 946 909 967 ex
930 933 1011 965 Asia
1043 934 1193 966 Romam
1224 934 1416 977 deportata.

869 992 1036 1034 suspicari
1068 993 1178 1033 possis
1204 1003 1267 1034 pro
1298 993 1426 1023 Haec:

869 1105 1045 1147 designari
1064 1105 1213 1138 videtur.
1247 1106 1538 1138 Fetasz'anorum

869 1171 921 1207 17.

862 1219 1153 1252 Fecasianorum
1174 1218 1195 1250 8
1215 1232 1232 1250 a
1251 1230 1300 1251 m.
1319 1230 1386 1250 sec.
1413 1217 1538 1252 14-16.

970 1161 1281 1194 Ploecasionorum
1306 1162 1350 1194 25
1380 1174 1397 1193 a
1415 1174 1464 1197 m.
1484 1174 1540 1205 pr.

866 1288 918 1321 19.
931 1288 985 1309 22.
999 1276 1053 1308 45.
1074 1276 1390 1307 Faecasianoram
1412 1283 1538 1308 vetust.

860 1333 959 1366 Voss.
986 1332 1086 1364 Leid.
1107 1341 1174 1365 vet.
1204 1331 1320 1365 Oxon.
1349 1341 1384 1364 et
1412 1331 1537 1366 Sehol.

861 1389 955 1422 ined.
973 1397 1059 1420 teste
1081 1389 1200 1420 Burm.
1230 1388 1273 1419 ad
1299 1388 1446 1421 Anthol.
1474 1389 1537 1421 lat.

863 1448 905 1480 T.
930 1447 956 1478 Ι.
977 1458 1011 1489 p.
1031 1444 1112 1478 (308.
1147 1444 1461 1477 Pheeasianorum
1482 1456 1538 1478 ιο.

865 1515 920 1536 2ο.
950 1504 994 1536 25
1025 1515 1043 1534 a
1062 1515 1110 1535 m.
1134 1514 1199 1534 sec.
1222 1503 1276 1535 24.
1298 1502 1353 1534 25.
1377 1514 1432 1545 27.
1466 1499 1537 1533 46-

866 1559 921 1592 50.
943 1559 986 1591 54
1001 1559 1086 1603 -69,
1109 1570 1146 1602 71
1162 1578 1183 1583 -
1198 1559 1250 1601 74.
1272 1571 1325 1602 77.
1362 1557 1537 1590 Phaeca-

865 1617 1052 1648 sianorum
1077 1615 1134 1648 81.
1156 1616 1258 1658 prob.
1286 1615 1389 1647 Hein.
1427 1615 1538 1656 idque

862 1673 1037 1704 revocavit
1072 1671 1159 1704 Aeh.
1201 1673 1259 1713 qui
1300 1673 1335 1702 in
1369 1671 1537 1704 omnibus

865 1729 968 1761 codd.
992 1729 1098 1761 Paris.
1114 1727 1454 1771 phaecasianorum
1477 1728 1536 1760 vel

1461 1787 1536 1822 Hosv

863 1851 987 1885 putant
999 1853 1070 1874 esse
1093 1841 1176 1873 deos
1190 1840 1538 1887 Graecorumplzae-

853 1785 1135 1831 fec-asianorum
1158 1794 1288 1816 exstare
1314 1785 1411 1818 dicit.

865 1899 978 1933 casiis
988 1899 1129 1931 indutos
1141 1912 1149 1940 ;
1172 1898 1266 1931 uude
1278 1899 1393 1931 forsan
1406 1899 1533 1934 Phae-

864 1956 1089 1989 casiatorum
1130 1958 1260 1988 rectius
1311 1957 1536 1993 scriberetur.

869 2010 1061 2045 Φαικάσιον
1072 2014 1191 2045 rustici
1202 2012 1380 2054 Atticique
1396 2014 1536 2046 calcea-

864 2070 977 2102 menti
995 2080 1125 2111 genus,
1158 2082 1176 2100 a
1197 2081 1265 2111 quo
1287 2079 1320 2101 et
1337 2070 1538 2103 Phaecasii

864 2125 949 2159 dicti
978 2125 1175 2158 sacerdotes
1204 2125 1473 2159 Atheniensium
1500 2135 1536 2163 et

863 2181 1199 2216 Alexandrinorum.
1249 2182 1303 2216 Cf.
1328 2184 1475 2228 Hesych.
1498 2185 1536 2219 h.

863 2252 895 2273 v.
917 2239 1056 2272 Polluc.
1078 2252 1109 2285 7,
1136 2251 1192 2272 22.
1221 2239 1371 2284 Appian.
1402 2241 1438 2274 b.
1470 2243 1535 2276 civ.

864 2295 898 2338 5,
919 2306 971 2330 11.
991 2306 1027 2329 et
1046 2296 1102 2342 76.
1138 2288 1232 2329 Plut.
1261 2297 1321 2329 vit.
1345 2296 1476 2332 Anton.
1498 2310 1535 2342 p.

865 2354 944 2399 930.
978 2353 1119 2388 Petron.
1141 2353 1196 2398 67.
1224 2361 1258 2385 et
1274 2353 1330 2386 82.
1355 2354 1410 2393 <in
1429 2366 1537 2387 exer-

866 2411 943 2443 citu
974 2417 1095 2444 vestro
1117 2409 1361 2456 phaecasiati
1396 2410 1532 2444 milites

862 2467 1076 2512 ambulant)
1105 2467 1188 2501 Sen.
1219 2478 1274 2510 ep.
1316 2467 1392 2500 115.
1422 2475 1456 2500 et
1486 2467 1532 2501 de

865 2525 984 2558 henes.
1006 2536 1038 2569 7,
1056 2535 1111 2558 21.
1158 2524 1277 2557 Heius.
1298 2522 1342 2555 ad
1363 2523 1468 2558 Ovid.
1490 2522 1535 2562 A.

865 2580 906 2615 A.
930 2582 964 2622 5,
987 2593 1064 2626 271.
1089 2580 1246 2614 Turneb.
1264 2579 1407 2614 Advers.
1428 2590 1480 2623 ιο,
1499 2593 1535 2628 7ο

867 2648 904 2673 et
922 2650 979 2684 27.
1013 2636 1178 2676 Baldnin.
1195 2636 1241 2676 de
1261 2639 1352 2674 calc.
1371 2651 1409 2674 c.-
1424 2649 1480 2686 ¹9·
