1759 3029
394 173 634 215 PERSII
669 176 756 213 ET
806 175 1201 219 IVVENALIS
1343 192 1496 218 lxxxv

103 282 242 328 aetatis
290 287 449 327 decimo
489 295 608 327 sexto
658 288 819 328 Annaei
863 289 1039 329 Cornuti
1081 292 1317 346 philosophi
1351 295 1491 334 Stoici.

101 357 214 394 cuius
247 356 367 394 lateri
389 351 570 394 adhaesit
598 364 812 409 perpetuo.
870 358 968 395 Fuit
999 361 1270 399 verecundiae
1307 363 1491 414 virgina-

97 422 168 472 lis,
206 421 255 476 (si
295 424 492 462 Suetonio
541 424 608 461 vel
645 426 804 463 auctori
847 426 956 463 vitae
1007 428 1093 463 eius
1138 428 1238 464 fides
1279 429 1488 480 habenda)

95 491 244 530 mentis
282 505 500 542 generosae
548 497 589 528 et
625 492 675 529 ad
729 493 991 531 severitatem
1042 495 1271 544 pronioriS,
1324 512 1488 537 morum

94 558 472 606 sanctissimorum,
503 560 574 596 uni
610 573 761 611 aequus
796 561 945 598 virtuti
985 567 1027 598 et
1065 569 1253 600 constans
1287 565 1487 604 vinorum

91 623 241 673 hostis,
276 626 347 664 sed
389 626 552 672 felicior
593 627 703 664 sorte
752 627 934 664 Zenonis
978 635 1020 666 et
1064 629 1305 681 Chrysippi,
1366 646 1486 682 quam

92 692 248 730 Lucilii
282 700 323 730 et
360 693 526 732 Horatii
562 696 757 732 imitator.
817 695 973 734 satirae
1007 697 1092 734 eius
1130 711 1232 745 non,
1268 704 1314 736 nt
1346 699 1487 737 Hora«

91 760 249 808 tianae,
279 775 378 798 mox
407 762 451 799 in
481 762 625 812 vulgus
646 761 893 810 edebantur,
921 762 992 800 sed
1018 764 1198 813 singulae
1232 760 1369 803 amicis
1392 772 1486 804 tan-

91 833 206 875 tum,
247 829 393 879 quibus
440 827 580 866 eadem
627 835 716 867 erat
761 843 874 867 mens
928 836 969 869 et
1007 830 1056 867 de
1090 844 1265 881 quornm
1297 833 1379 871 fide
1407 835 1488 885 ipsi

93 896 328 944 constabat,
372 895 580 944 Cornuto,
620 897 768 946 Basso,
796 897 932 935 Plotio
965 898 1152 936 Macrino
1192 905 1233 937 et
1265 900 1376 949 aliis,
1417 902 1486 939 in-

90 962 355 1001 note-scebant
403 969 445 1000 et
488 978 628 1002 omnes
672 979 720 1002 eo
759 964 922 1002 demum
950 971 1115 1003 mortuo
1157 966 1486 1019 divulgabantur,

89 1043 208 1081 quam
247 1031 298 1068 ob
336 1044 497 1069 eausam
531 1032 661 1070 libere
690 1038 854 1084 poterat
894 1033 1097 1077 scribere,
1134 1035 1335 1087 quidquid
1372 1036 1486 1074 indi-

86 1097 222 1147 gnatio
248 1097 432 1136 dictaret.
489 1098 696 1138 Iuvenalis
722 1100 850 1148 nulli,
881 1106 928 1137 ut
953 1101 1170 1148 Horatius,
1209 1101 1485 1155 philosopho-

85 1176 179 1202 rum
221 1172 353 1203 sectae
394 1167 476 1204 suit
516 1166 723 1216 addictus,
756 1166 777 1189 ⁴
816 1182 893 1205 nec
926 1168 1102 1205 inferior
1134 1168 1298 1219 ingenio
1333 1184 1378 1207 ac
1411 1184 1484 1207 su·-

83 1233 225 1282 perior
256 1232 396 1272 forsan
431 1235 639 1287 exquisita
667 1249 808 1274 rerum
855 1236 1086 1286 cognitione
1121 1242 1242 1287 atque
1279 1236 1482 1284 doctrina,

85 1298 158 1336 sed
202 1299 423 1339 assectator
463 1315 772 1355 nonnumquam
817 1303 937 1351 artis,
970 1317 1088 1355 quam
1126 1303 1199 1343 diu
1240 1304 1483 1355 diligenter-

84 1380 163 1418 que
204 1368 248 1406 in
291 1367 505 1408 rhetorum
539 1370 688 1409 scholis
734 1377 989 1409 exercuerat.
1050 1371 1165 1410 Idem
1200 1386 1284 1409 non
1319 1371 1484 1411 funesta

83 1439 244 1472 tantum
290 1437 354 1473 rei
394 1437 583 1489 publicae
626 1443 813 1489 tempora
859 1439 987 1486 vidit,
1028 1438 1099 1476 sed
1135 1438 1272 1476 felicia
1305 1454 1482 1491 quoqne,

84 1502 231 1554 quibus
274 1517 325 1540 ,ea
366 1518 420 1542 ex
465 1505 660 1543 diuturno
708 1505 824 1556 quasi
871 1507 1016 1543 morbo
1054 1520 1076 1543 a
1107 1507 1358 1557 Vespasiano
1392 1509 1480 1558 pri-

83 1582 197 1607 mum
229 1584 273 1607 ac
307 1571 428 1620 Tito,
457 1578 500 1609 et
530 1571 678 1609 deinde
710 1585 733 1608 a
763 1572 926 1620 Nerva,
965 1574 1144 1611 Traiano
1177 1581 1218 1611 et
1253 1575 1480 1622 Hadriano,

84 1636 277 1675 remediis
306 1637 515 1676 interdum
538 1638 918 1676 vehementioribus
939 1646 1122 1677 recreata
1136 1670 1146 1688 ,
1178 1641 1365 1679 omnibus
1388 1642 1482 1679 sere

82 1705 268 1755 partibus
293 1705 523 1742 convaluit:
550 1704 660 1742 unde
686 1706 827 1743 satiras
851 1719 1033 1758 quoqne,
1065 1721 1161 1759 quas
1188 1708 1348 1745 iuvenis
1371 1709 1479 1746 scri-

82 1777 222 1822 pserat
243 1778 284 1809 et
306 1771 377 1809 diu
403 1786 456 1809 ne
478 1771 640 1810 modico
664 1773 827 1824 quidem
850 1773 1055 1811 auditorio
1075 1776 1333 1812 committere
1357 1790 1479 1814 ausus

80 1845 179 1887 erat,
208 1845 297 1876 tum
317 1839 361 1876 in
383 1839 528 1889 vulgus
554 1844 646 1876 tuto
668 1838 801 1887 edere,
830 1846 916 1878 tum
937 1842 1106 1891 politius
1129 1842 1274 1879 limare
1298 1844 1448 1893 potuit.

192 1917 260 1955 Ex
291 1915 374 1965 his,
414 1931 516 1969 quae
551 1915 601 1954 de
635 1918 890 1969 temporibus
902 1947 913 1966 ,
942 1920 1136 1970 ingeniis,
1172 1919 1319 1958 studiis
1348 1922 1483 1959 mori-

80 1984 238 2037 busque
272 1984 462 2032 Horatii,
499 1984 633 2022 Persii
668 1990 708 2021 et
750 1985 955 2023 Iuvenalis
998 1986 1199 2035 diximus,
1250 1988 1373 2026 facile
1409 1990 1479 2027 vel

81 2051 218 2102 colligi
257 2051 325 2090 vel
358 2051 559 2103 explicari
587 2057 759 2103 possunt
801 2052 978 2091 virtutes
1015 2059 1057 2091 et
1085 2054 1187 2092 vitia
1218 2069 1362 2094 eorum
1390 2062 1476 2095 tam

79 2119 334 2167 communia,
363 2132 483 2172 quam
515 2118 644 2157 cuivis
676 2119 865 2172 propria,
896 2135 998 2173 quae
1031 2134 1140 2160 nunc
1165 2122 1308 2161 eadem
1333 2124 1483 2162 brevi-'

74 2191 162 2224 tate
193 2186 519 2224 recensebimus

189 2265 438 2304 Triumviris
475 2264 641 2317 quidem
665 2265 746 2303 illis
768 2266 985 2305 consilium
1018 2281 1235 2306 commune
1268 2274 1356 2306 erat
1378 2282 1473 2308 cum

80 2332 269 2371 omnibus
311 2333 443 2384 poetis
488 2333 680 2370 satiricis:
730 2340 772 2372 et
816 2333 964 2372 docere
999 2340 1040 2372 et
1072 2334 1276 2373 delectare
1312 2350 1474 2374 mores-

38 2449 41 2453 .
80 2412 160 2451 que
189 2398 404 2439 hominum
453 2407 658 2453 tamquam
701 2403 745 2440 in
788 2403 901 2454 picta
932 2403 1070 2440 tabula
1108 2402 1371 2451 adumbrare,
1400 2403 1475 2442 sed

53 2466 194 2504 ‘varia
233 2467 392 2506 ratione
411 2498 421 2517 ,
460 2483 536 2520 pro
569 2475 803 2521 temporum
841 2470 1184 2521 ingeniorumque
1217 2467 1472 2518 diversitate,

78 2534 343 2573 conabantur.
401 2536 510 2574 Nam
548 2536 728 2587 Augusti
769 2542 922 2585 aetate,
954 2536 1076 2573 rebus
1108 2535 1239 2575 adhuc
1276 2538 1394 2575 laetis
1430 2543 1473 2574 et:

77 2601 253 2653 imperio
294 2603 535 2655 legibusque
576 2603 839 2654 vigentibus,
882 2601 1020 2641 ridere
1072 2603 1242 2654 licebat;
1291 2604 1472 2643 Neronis

122 2721 145 2756 4
169 2735 201 2755 v.
226 2724 346 2757 Horat.
369 2724 482 2768 Epist.
499 2724 533 2766 1,
563 2735 591 2768 1,
616 2725 657 2759 15
670 2736 744 2769 seq.
791 2733 826 2759 et
850 2724 1006 2760 Iuvenal.
1032 2724 1130 2768 xm,
1161 2705 1323 2771 ileseq.
