1759 3029
549 172 890 213 SATIRA
945 175 1030 215 VJ.

1422 189 1503 231 107

114 292 197 334 Nil
227 303 445 347 umquam
473 293 617 333 invita
647 290 832 333 donabis
866 293 1079 347 coniuge:
1135 294 1301 336 vendes

114 360 213 401 Hac
242 359 448 401 obstante
483 358 620 400 nihil:
669 358 811 411 nihil7
843 358 952 401 haec
989 363 1025 400 si
1054 360 1205 411 nolet,
1238 371 1430 405 emetur.

112 428 236 470 Haec
265 428 388 469 dabit
427 426 609 469 affectus
623 445 632 469 :

685 428 765 469 ille
801 428 1074 470 excludetur
1109 433 1277 472 amicus

114 495 207 536 Iam
237 498 412 548 senior,
450 499 576 537 cuius
613 496 799 538 barbam
829 504 906 538 tua
942 500 1077 538 ianua
1104 499 1229 539 vidit.

1401 499 1497 543 215

113 563 331 605 Testandi
366 578 508 619 quum
541 568 599 605 sit
634 565 873 607 lenonibus
915 573 1050 620 atque
1084 565 1260 607 lanistis

109 631 318 674 Libertas
357 640 401 674 et
435 636 548 675 iuris
583 635 705 675 idem
740 637 976 690 contingat
1006 649 1192 689 arenae3

110 700 220 743 Non
249 716 369 741 unus
406 701 488 742 tibi
522 702 675 743 rivalis
711 702 955 744 dictabitur
986 701 1131 745 heres.

111 767 236 810 Pone
274 781 455 811 crucem
486 785 630 812 servo.

698 770 873 812 Meruit
907 785 997 827 quo
1029 774 1219 813 crimine
1255 786 1412 814 servus

109 836 428 894 Supplicium?
458 842 558 892 quis
572 843 699 881 testis
712 839 869 880 adest?
891 844 988 894 quis
1003 840 1201 882 detulit?
1224 838 1363 893 Audi,
1400 854 1494 883 220

111 905 255 946 Nulla
280 920 500 962 umquam
529 907 584 948 de
606 915 756 949 morte
783 906 982 949 hominis
1009 911 1237 950 cunctatio
1260 909 1397 966 longa
1417 918 1498 953 est.

112 971 155 1014 0
187 974 393 1026 demens,
434 978 499 1016 ita
527 989 684 1017 servus
712 974 852 1018 homo
890 975 988 1017 est?
1029 976 1097 1017 nil
1128 975 1308 1029 fecerit,
1345 987 1467 1021 esto:

108 1040 212 1085 Hoc
247 1042 377 1094 volo,
423 1046 485 1084 sie
517 1044 672 1096 iubeo,
718 1047 776 1085 sit
809 1060 895 1101 pro
933 1047 1110 1086 ratione
1141 1046 1370 1089 volumem.

131 1108 135 1113 ’
207 1109 409 1168 Imperat
444 1126 551 1168 ergo
584 1115 709 1166 viroz,
745 1114 822 1154 sed
850 1128 960 1154 mox
985 1111 1093 1154 haec
1118 1128 1257 1170 regna
1280 1116 1505 1170 relinquit

109 1177 436 1235 Permutatque
464 1182 628 1223 domos
661 1188 705 1222 et
735 1180 895 1222 flamea
938 1184 1158 1223 conterit:
1205 1184 1313 1225 inde

1403 1187 1500 1230 225

110 1244 314 1291 Advolat
349 1256 394 1290 et
433 1252 574 1306 spreti
605 1253 774 1306 repetit
806 1253 996 1305 vestigia
1031 1250 1149 1291 lecti.

110 1314 310 1359 Ornatas
345 1317 484 1373 paulo
517 1325 621 1359 aute
657 1317 803 1368 fores„

851 1319 1099 1374 pendentia
1130 1319 1299 1374 linquit

111 1384 231 1428 Vela
265 1386 425 1428 domus
459 1394 504 1427 et
539 1385 685 1427 adhuc
723 1387 890 1428 virides
922 1389 969 1426 in
1015 1387 1170 1428 limine
1208 1403 1373 1432 ramos.

110 1453 181 1496 Sic
211 1457 372 1497 crescit
400 1469 648 1508 numerus;
699 1458 762 1495 sic
798 1454 918 1496 fiunt
959 1463 1061 1497 octo
1104 1459 1259 1497 mariti

110 1521 323 1579 Quinque
345 1538 430 1581 per
449 1530 742 1565 auctumnos:
766 1524 902 1565 titulo
914 1538 988 1564 ‘res
1002 1526 1136 1579 digna
1157 1526 1369 1582 sepulcri.
1409 1530 1505 1574 230

159 1684 237 1717 215.
272 1683 386 1716 nollet
413 1695 468 1727 27.
512 1684 608 1716 nolit
643 1684 714 1716 13-
732 1696 784 1728 17.

115 1752 171 1774 21.
192 1752 246 1773 22.
270 1741 325 1774 24.
346 1740 400 1772 25.
420 1740 475 1771 45.
495 1741 618 1785 4950.
639 1743 679 1773 ΣΗ
693 1742 780 1776 -62,

114 1797 190 1830 65-
204 1799 258 1843 69.
287 1809 324 1842 71
340 1817 360 1822 —-
376 1797 430 1841 74.
471 1809 524 1841 77.
563 1807 597 1829 ct
622 1800 782 1841 plerique

116 1855 220 1887 codd.
232 1855 339 1886 Paris.
359 1853 461 1886 nolet
481 1856 517 1886 in
538 1856 695 1896 reliquis.
722 1857 780 1889 Nil

115 1914 270 1945 interest,
288 1911 386 1944 volet
408 1910 447 1943 18
460 1923 542 1944 am.
563 1925 630 1944 sec.
653 1914 707 1946 25.
725 1914 782 1947 46.

116 1971 172 2003 48.

161 2027 240 2060 214.
273 2026 381 2058 Haec
421 2026 538 2067 recepi
570 2037 611 2058 ex
642 2037 681 2071 17
695 2027 782 2059 -25.

115 2096 171 2130 27.
194 2083 270 2116 45-
285 2083 338 2115 5-0.
357 2081 501 2114 54-1125.
521 2081 564 2115 6»
577 2083 662 2128 -7-4.
683 2095 736 2128 77.
749 2092 783 2115 et

117 2140 330 2174 excludetur
359 2150 400 2172 ex
432 2149 485 2171 10.
515 2139 561 2172 13.
587 2142 637 2173 15.
664 2141 710 2172 Ἢ).
731 2152 783 2172 21.

118 2211 161 2232 22
191 2209 287 2230 a‘m.
313 2208 381 2228 sec.
414 2198 467 2229 25.
495 2208 550 2235 27.
579 2196 632 2229 16.
657 2209 707 2241 ‘'7·
727 2197 783 2230 48.

118 2257 174 2290 50.
193 2256 235 2288 55
248 2274 268 2280 -
281 2254 336 2298 74.
357 2265 410 2297 77.
453 2253 587 2285 Eadem
616 2255 784 2297 leguntur

119 2314 156 2345 in
175 2311 279 2344 codd.
298 2310 404 2343 Paris.
426 2320 563 2342 tautum
576 2322 646 2342 non
663 2313 784 2342 omui—-

121 2369 200 2401 bus.
249 2368 334 2399 Hac
355 2376 388 2400 et
407 2367 626 2400 excludatur
650 2369 685 2399 in
706 2369 784 2400 aliis

122 2425 247 2464 libris,
274 2427 376 2456 etiam
399 2420 453 2456 'ed.
472 2424 627 2457 Hennin.
650 2444 696 2450 --
726 2425 785 2471 ef-

116 2481 246 2529 fectus
267 2491 317 2512 12.
342 2492 390 2525 ¹9·
408 2492 463 2514 22.
485 2481 541 2526 47.
562 2482 617 2514 78.

168 2561 245 2593 2¹7·
281 2549 470 2594 contingit
500 2551 551 2584 16.
584 2562 639 2595 27.
660 2550 787 2596 46.47.

123 2605 179 2639 48.
198 2604 255 2638 58.

171 2672 248 2705 218.
273 2671 452 2705 ditabitur
477 2685 512 2706 11
541 2686 720 2718 exrasura,
735 2675 788 2710 15.
826 2709 829 2711 ,

130 2728 182 2762 18.
201 2729 256 2765 25.
275 2740 327 2775 29.
345 2729 401 2762 45».
420 2732 474 2775 49.

886 1696 963 1717 220.
983 1686 1046 1729 qui
1065 1704 1111 1709 --
1137 1686 1201 1730 qui
1224 1698 1276 1725 17.
1304 1700 1359 1721 20.

886 1753 964 1773 221.
990 1741 1095 1773 Nulli
1132 1743 1272 1777 emend.
1313 1746 1434 1779 Heius.
1461 1747 1506 1781 ad

841 1797 946 1830 ovid.
966 1799 1050 1830 Met.
1071 1798 1147 1839 VII,
1176 1800 1256 1833 445.
1282 1821 1329 1828 -—-
1354 1810 1412 1836 est
1439 1804 1507 1838 ab-

841 1863 891 1888 est
912 1868 930 1886 a
954 1868 992 1887 12
1011 1865 1044 1887 et
1068 1857 1120 1888 ΓΞ.

885 1911 963 1944 225.
996 1911 1058 1944 Sic
1082 1912 1165 1946 volo
1197 1926 1249 1959 19.
1268 1926 1324 1960 27.
1347 1916 1403 1950 28.

887 1970 1076 2011 225-227.
1101 1971 1226 2004 absunt
1247 1973 1289 2004 ab
1307 1975 1357 2007 18.
1381 1975 1510 2012 domus

842 2025 894 2057 14.
918 2025 969 2057 16.
979 2025 1034 2058 48.
1051 2027 1282 2070 —flammea
1300 2041 1354 2064 22.
1374 2032 1500 2068 45-50.

840 2082 975 2115 (32.631.
1005 2084 1061 2115 65.
1096 2083 1150 2115 68.
1185 2086 1240 2130 «39.
1267 2097 1322 2129 71.
1360 2101 1414 2134 72.
1453 2092 1509 2135 75.

829 2139 971 2183 flamea
991 2141 1035 2171 al.
1077 2139 1131 2172 Cf.
1151 2140 1292 2176 Comm.
1314 2145 1358 2176 ad
1372 2147 1417 2188 H,
1432 2150 1508 2182 124.

887 2206 965 2239 226.
995 2208 1132 2241 Evolat
1172 2222 1224 2242 20.
1292 2213 1437 2247 Avolat
1476 2216 1511 2259 (a

840 2275 930 2296 novo
948 2267 1076 2297 marito
1098 2267 1265 2312 discedit)
1294 2281 1347 2314 29.
1378 2271 1432 2304 5ο.
1455 2273 1511 2307 65.

841 2324 896 2367 69.
919 2331 953 2353 et
980 2323 1058 2355 cod.
1088 2326 1153 2355 wiri
1184 2324 1299 2366 docti,
1344 2339 1451 2369 quem
1478 2341 1512 2364 v.

841 2381 877 2412 in
895 2380 1046 2411 Miscell.
1070 2379 1174 2413 Obss.
1205 2380 1291 2415 Crit.
1317 2386 1354 2416 in
1369 2384 1508 2419 Aucto-

841 2449 896 2469 res
917 2446 998 2469 vett.
1017 2437 1130 2470 Amst.
1156 2438 1252 2482 1754.
1271 2440 1352 2474 Vol.
1373 2442 1415 2475 V.
1429 2444 1471 2476 Τ.
1482 2444 1512 2478 1.

843 2507 877 2538 p.
902 2506 975 2527 122.
1005 2513 1050 2519 —
1077 2493 1163 2526 lecti
1191 2499 1324 2539 repetit
1346 2502 1510 2546 vestigia

844 2553 959 2595 spreti
987 2563 1040 2583 21.
1071 2551 1211 2597 refugit
1233 2557 1395 2601 vestigia
1416 2559 1507 2591 coni.

844 2607 1030 2640 Schrader.

889 2676 966 2710 228.
992 2676 1050 2709 vel
1068 2689 1132 2721 pro
1151 2684 1187 2710 et
1208 2690 1260 2712 11.
1285 2679 1336 2712 14.
1358 2681 1410 2714 16.
1435 2692 1489 2727 19.

888 2734 969 2767 250.
994 2733 1078 2768 Post
1105 2735 1200 2769 hunc
1226 2748 1368 2770 versum
1391 2740 1427 2772 in
1457 2739 1510 2773 16.
