1759 3029
388 134 875 176 ROMANORVM
924 134 1189 177 POETIS

1363 150 1482 177 Lxln

99 252 285 293 centiora
312 251 489 304 antiquis
519 250 753 289 auctoribus
781 250 977 298 tribuere,
1003 247 1019 271 3
1056 251 1124 288 vel
1162 265 1208 289 ea
1240 250 1339 289 adeo
1369 263 1484 289 com-

98 320 230 359 menti
257 325 363 367 sunt,
393 318 495 372 quae
523 332 644 356 nemo
674 318 848 370 scripsit.
867 315 888 339 ⁴
915 317 1062 369 Neque
1088 318 1389 367 dis-similamus,
1410 333 1485 357 nos

97 388 212 439 :ipsos
242 387 365 425 etiam
384 375 542 435 ‘ve-reri,
571 400 634 435 ne,
664 386 812 425 finibus
834 386 1102 437 terminisque
1129 386 1249 434 ultra,
1279 400 1397 438 quam
1418 400 1485 424 sa-

98 456 151 493 tis
180 456 244 504 sit,
281 455 453 507 prolatis
495 460 538 492 et
578 455 717 492 multis
755 454 1009 505 diversisque
1050 453 1305 490 satiricorum
1336 454 1486 491 carmi·-

98 535 198 561 num
227 523 443 574 generibus
473 522 774 572 coagmentatis,
804 520 1054 572 implicatior
1081 520 1190 557 sacta
1219 521 1272 556 sit
1299 520 1485 571 disputa—

98 590 159 627 tio
189 597 337 627 nostra.
398 588 611 642 Quidquid
640 602 741 627 vero
771 589 829 625 ita
856 589 1127 639 peccavimuS,
1158 588 1354 625 iuvenum
1388 603 1486 626 cau-

97 670 141 695 sa
167 663 380 709 peccatum
409 664 471 694 est
499 670 628 708 eoque
658 655 850 703 consilio,
888 661 936 692 ut
972 654 1017 692 hi
1045 655 1226 693 omnium
1271 661 1487 706 poetarum

96 723 348 772 latinorum,
391 726 460 775 qui
506 724 617 761 inter
655 724 841 760 satiricos
880 724 1003 774 vulgo
1040 723 1301 770 reseruntur,
1346 736 1487 761 veram

96 791 277 829 indolem
301 796 554 842 perspectam
580 788 800 839 haberent,
846 795 910 833 et,
959 791 1120 841 quoties
1146 789 1294 827 horum
1321 790 1488 826 nomina

95 858 165 897 'vel
179 859 414 909 legerentur
437 858 484 895 ab
508 858 558 895 iis
584 857 653 895 vel
672 857 925 906 audirentur,
952 864 1063 895 recte
1087 857 1196 895 deiis
1218 856 1460 894 iudicarent.

213 924 299 963 CN.
328 925 594 972 NAEVIVS,
620 925 926 976 antiquissimus
945 924 1226 962 Romanorum
1254 931 1387 976 poeta,
1418 927 1488 977 qui

98 992 252 1032 bellum
282 993 483 1030 Punicum
501 992 545 1041 I.,
576 1004 657 1044 quo
686 992 890 1044 stipendia
915 993 1081 1040 fecerat,
1110 993 1296 1030 versibus
1332 993 1488 1030 descri—

97 1061 182 1114 psit
210 1060 423 1109 Saturniis,
455 1060 629 1097 satiram
672 1072 834 1112 quoque
878 1060 1118 1110 composuit,
1162 1065 1266 1098 teste
1295 1061 1417 1098 Festo
1447 1075 1486 1112 p.

98 1130 178 1166 411
210 1127 306 1166 edit.
336 1128 515 1165 Dacerii.

98 1208 193 1235 nam
242 1196 422 1234 Naevius
470 1196 550 1233 iam
590 1195 686 1233 inde
728 1196 777 1233 ab
833 1209 865 1232 a.
909 1195 961 1233 V.
1005 1209 1037 1232 c.
1080 1195 1257 1243 DXIX,
1305 1196 1488 1247 adeoque

101 1263 368 1315 quadriennio
397 1270 490 1315 post
516 1269 656 1301 natum
684 1263 879 1311 Ennium,
917 1262 1073 1300 fabulas
1113 1262 1237 1311 dedit,
1285 1265 1346 1312 (v.
1380 1265 1487 1303 Gell.

100 1331 244 1376 XVII,
272 1343 322 1369 21
356 1327 481 1384 extr.)
517 1336 558 1368 et
584 1337 768 1369 mortuus
795 1337 856 1368 est
870 1345 901 1367 a.
921 1330 972 1368 V.
990 1344 1021 1367 e.
1037 1330 1241 1369 DXLIX.
1267 1333 1489 1372 v.H·ieron.

99 1398 142 1437 in
171 1398 320 1437 Cliton.
359 1398 507 1436 Euseb.
554 1398 604 1436 ad
641 1398 804 1450 Olymp.
840 1400 927 1437 114.
970 1399 1041 1436 ubi
1073 1399 1194 1435 etiam
1228 1399 1367 1448 tradit,
1395 1415 1488 1439 eum

570 1128 683 1165 Haec
713 1141 813 1165 vero
843 1126 954 1165 haud
983 1127 1105 1164 dubie
1135 1126 1218 1165 suit
1241 1127 1487 1166 dramatica:

100 1467 153 1505 ob
189 1465 512 1505 maledicentiam
550 1466 734 1518 Scipioni
771 1466 969 1504 Africano
1020 1472 1061 1504 et
1098 1467 1269 1504 Metello
1309 1469 1489 1508 invisum

99 1534 229 1573 fuisse
284 1540 327 1571 et
362 1534 542 1585 primum
583 1534 628 1571 in
669 1547 879 1571 carcerem
920 1548 942 1571 a
982 1535 1209 1572 triumviris
1247 1536 1489 1586 capitalibus

103 1601 358 1649 coniectum,
401 1600 550 1638 deinde
588 1601 632 1637 in
663 1600 855 1638 exsilium
883 1606 1041 1649 actum,
1092 1614 1166 1638 nec
1197 1602 1292 1639 inde
1321 1604 1493 1642 rediisse

102 1666 288 1715 Romam,
315 1667 387 1704 sed
416 1667 563 1704 Vticae
593 1667 754 1705 obiisse.
807 1667 951 1705 Talem
981 1680 1144 1720 quoque
1161 1670 1346 1720 suspicor
1366 1670 1493 1709 fuisse

104 1734 279 1772 Satiram
320 1733 369 1771 L.
412 1733 722 1777 POMPONII,
769 1748 871 1786 quae
910 1735 955 1772 in
985 1741 1102 1773 sexto
1136 1736 1342 1775 -Prisciani
1380 1739 1489 1776 libro

103 1800 305 1839 laudatur.
364 1801 462 1839 Fuit
490 1802 523 1838 is
550 1802 820 1839 Bononiensis
861 1807 903 1838 et
936 1802 1183 1840 clarissimus
1208 1804 1490 1844 Atellanarum

102 1869 292 1919 scriptor,
322 1881 442 1919 quem
473 1868 658 1906 Velleius
688 1867 774 1905 Pat.
805 1867 858 1916 II,
889 1880 926 1919 9.
973 1868 1148 1906 Sullanis
1200 1869 1300 1907 dicit
1328 1878 1492 1924 tempo-

105 1936 220 1973 ribus
248 1936 414 1984 vixisse,
443 1949 487 1972 ac
528 1936 712 1973 sensibus
750 1936 878 1973 fuisse
917 1935 1141 1985 celebrem,
1180 1938 1316 1975 verbis
1345 1939 1490 1978 rudem

105 2071 136 2090 c.
162 2056 239 2090 Val.
272 2055 434 2097 Catonis,
473 2057 535 2098 qui
561 2058 597 2088 in
620 2058 661 2088 iis
692 2057 770 2099 pri-

104 2127 208 2149 mum
230 2126 330 2157 agros
359 2114 500 2145 licentia
517 2112 656 2146 Sullani
675 2123 772 2146 tem-

104 2175 199 2216 poris
251 2173 411 2212 amissos,
461 2170 588 2202 deinde
623 2170 771 2215 Lydiam

105 2231 273 2261 amasiam
296 2228 362 2260 sibi
391 2220 547 2271 ereptam
583 2240 654 2260 esse
679 2239 770 2270 que-

105 2287 207 2318 ritur.
228 2285 278 2329 (v.
300 2284 517 2317 Wernsdorf.
534 2286 559 2316 l.
571 2284 596 2316 l.
613 2296 648 2327 p.
660 2283 772 2317 XLVI

108 2354 159 2384 sq.
198 2345 258 2385 qui
295 2350 329 2374 et
364 2353 505 2373 carmen
533 2343 649 2384 ipsum
680 2343 770 2387 typis

108 2398 351 2431 recudendum
371 2401 502 2431 curavit
522 2413 556 2443 p.
581 2412 607 2432 ν.
623 2402 690 2443 sq.)

155 2456 177 2488 3
195 2456 268 2488 -Sic
289 2456 464 2498 Pithoeus,
491 2457 599 2490 Henr.
619 2457 772 2501 Stepha—

110 2526 175 2546 nus
203 2521 237 2545 et
259 2512 358 2561 Casp.
382 2514 542 2547 Barthius
564 2517 670 2547 veteri
692 2517 770 2547 cui-

110 2569 193 2602 dam
214 2579 334 2613 poetae
362 2571 588 2604 tribuendam
606 2580 773 2615 putarunt

107 2626 305 2670 Epistolam
343 2639 370 2659 s.
404 2627 568 2660 Satiram
606 2629 649 2662 de
676 2629 773 2669 Lite,

108 2686 206 2717 cuius
241 2693 360 2718 auctor
399 2688 515 2726 potius
553 2686 620 2719 suit
657 2684 770 2719 Makh.

826 2056 1074 2100 Hospitalius,
1099 2058 1350 2092 celeberrimus
1380 2061 1494 2093 Fran-

829 2115 902 2146 ciae
930 2113 1186 2148 cancellarius.
1208 2125 1242 2148 et
1268 2119 1319 2148 vir
1360 2121 1492 2150 summi

827 2172 971 2213 ingenii,
990 2174 1050 2212 qui
1073 2184 1102 2204 a.
1122 2172 1202 2205 Chr.
1227 2173 1312 2216 1573
1332 2183 1493 2207 mortuus

828 2237 890 2260 est.
906 2241 937 2260 v.
953 2228 1089 2260 Fabi—ic.
1111 2229 1202 2261 Bibl.
1223 2230 1299 2262 Lat.
1317 2230 1368 2264 IV
1405 2243 1432 2264 1.
1451 2232 1493 2264 T.

1368 2256 1377 2271 1

826 2285 889 2317 ΙΙΙ.
909 2298 942 2330 p.
962 2285 1039 2318 244.
1071 2294 1106 2318 et
1122 2287 1333 2320 Wernsdorf
1360 2289 1387 2321 l.
1410 2288 1435 2322 l.
1459 2301 1495 2332 p.

826 2342 915 2376 LIV.
947 2342 1019 2375 LV.

873 2402 894 2432 4
935 2401 986 2432 Ita
1016 2400 1268 2433 Stratonicum
1299 2401 1495 2435 Satirarum

827 2457 1055 2500 scriptoribus
1082 2456 1324 2491 adnumeravit
1361 2458 1494 2492 Schot—

827 2522 882 2546 tus
923 2515 959 2545 in
997 2512 1118 2545 Indice
1154 2514 1350 2548 Auctorum
1386 2513 1494 2548 Plinii

829 2570 971 2602 Maioris
999 2569 1177 2615 Antwerp.
1208 2573 1304 2606 1616.
1343 2573 1377 2606 8.
1423 2572 1494 2604 Sed

829 2627 1047 2660 Stratonicus
1067 2631 1224 2673 sculptor
1246 2631 1323 2671 suit,
1344 2632 1404 2673 qui
1426 2629 1494 2661 Sa·-

828 2693 944 2728 tyrum
962 2685 1069 2718 finxit.
1101 2697 1130 2719 v.
1156 2687 1246 2719 Plin.
1260 2685 1427 2727 XXXIII,
1441 2698 1494 2719 12.
