1759 3029
233 159 348 186 cmxx
757 142 1121 184 INDEX

230 261 468 301 Iuvenalem
495 259 622 311 ipsius
653 272 776 298 manu
811 259 1035 309 adscriptae
1070 257 1120 296 ad
1146 259 1384 307 'marginem
1414 256 1617 305 editionis‚'

231 343 334 382 quae
355 334 487 366 exstat
515 329 558 365 in
580 326 776 365 Biblioth.
805 326 977 364 Cizcnsi.

342 396 736 435 Animaclversiones
768 397 813 432 in
845 395 1058 432 Iuvenalis
1091 393 1276 437 Sam-as,
1313 395 1397 430 sive
1439 405 1622 430 censura

227 464 460 504 editionum
476 464 855 515 Ruperlianarwn„
887 470 1052 500 (metore
1073 461 1104 498 l.
1125 463 1175 498 R.
1188 461 1298 512 Aug.
1322 462 1377 497 Η
1383 476 1402 497 e
1419 462 1505 497 bne
1518 460 1614 507 che,

228 532 400 571 scholae
418 533 515 569 Lat.
541 530 728 581 Orphan.
766 530 968 566 Halensis
993 529 1174 580 Collega,
1205 530 1373 566 Hectore
1397 528 1616 579 designato

226 600 460 650 Perleberg.
525 598 657 636 Halis
692 597 787 634 Sax.
822 598 938 636 1804.
979 598 1014 634 8.
1081 595 1267 634 Libellus
1300 596 1541 646 probrosus,
1570 596 1612 632 in

225 683 305 721 quo
339 668 497 719 saepius
531 678 690 703 errores
726 670 809 701 tam
841 664 945 712 mei,
982 677 1101 715 quam
1135 663 1309 701 aliorum
1341 663 1616 714 interpretum

225 747 573 786 summorumque
606 733 814 779 virorum,
864 737 905 768 et
938 730 1102 782 quidem
1138 731 1207 767 alii
1238 737 1370 777 recte,
1400 743 1616 780 perperam

223 804 317 850 alii,
355 815 494 840 omnes
534 814 631 838 vero
661 805 745 837 tam
779 799 924 836 acerbe
955 804 996 835 et
1016 798 1192 842 rustice,
1220 804 1302 835 tam
1323 804 1554 847 arroganter
1577 802 1621 834 et

221 870 447 909 inhumane
483 873 703 914 notantur,
742 872 790 903 ut
824 866 868 903 in
900 864 1050 902 iuvene
1084 865 1162 904 hoc
1195 866 1275 903 iam
1304 878 1413 903 nunc
1435 865 1621 903 Orbilius

223 937 494 987 Klotziusque
514 934 720 972 revixisse
743 932 972 971 videantur.

341 1004 636 1041 Commentatio
663 1003 808 1052 prima
839 1009 877 1037 et
909 1000 1091 1037 secunda
1120 1002 1165 1036 in
1195 1000 1408 1038 Iuvenalis
1441 1001 1616 1038 Satira-5.

224 1072 405 1122 Scripsit
437 1071 529 1107 Car.
554 1068 669 1106 Frid.
702 1069 783 1104 He
801 1066 1011 1110 inrelclz,
1042 1068 1099 1104 D.
1125 1075 1163 1103 et
1180 1068 1300 1115 Profi
1322 1069 1377 1106 P.
1405 1068 1450 1105 O.
1473 1069 1618 1105 Kiliae

228 1139 346 1179 1806.
372 1148 411 1176 et
437 1138 554 1176 1810.
615 1133 989 1173 commentationes
1014 1134 1113 1171 istae
1135 1134 1363 1173 doctrinam
1386 1135 1551 1186 quidem
1576 1141 1619 1172 et

222 1207 503 1255 sagacitatem,
545 1202 616 1240 sed
658 1200 997 1239 inhumanitatem
1045 1216 1207 1252 quoque
1242 1208 1283 1239 et
1335 1203 1619 1252 arrogantiam,

223 1273 527 1317 Heineckiana,
575 1283 676 1321 quae
710 1270 759 1307 ab
788 1269 878 1320 ipso
914 1281 1051 1305 earum
1076 1274 1242 1307 auctore
1263 1269 1473 1321 culpatur,
1498 1270 1620 1320 longe

223 1342 420 1380 maiorem
441 1340 610 1389 spirant.

339 1407 655 1445 Observationes
694 1406 739 1440 in
784 1404 876 1440 loca
913 1404 1074 1455 aliquot
1117 1403 1362 1454 dzff‘eiliora
1394 1405 1621 1452 Iuvenalis,

224 1477 370 1528 quibus
392 1472 635 1525 praemissis
664 1470 716 1508 ad
746 1483 920 1508 examen
941 1470 984 1507 in
1017 1470 1166 1520 Gymn.
1195 1470 1369 1521 Magdal.
1389 1471 1621 1511 habendum

190 1572 195 1576 ι
221 1544 372 1583 invitat
404 1538 488 1578 lolz.
526 1541 647 1590 Casp.
686 1538 800 1575 Fricl.
836 1539 1061 1581 Mauso,
1108 1538 1183 1575 Dr.
1217 1537 1368 1575 Philos.
1403 1539 1558 1577 Rector
1578 1545 1621 1578 et

223 1610 338 1650 Pros.
358 1606 576 1646 Vratislav.
606 1607 721 1645 1812.
748 1612 787 1642 et
817 1606 932 1643 1814.
993 1604 1202 1653 Quaedam
1230 1619 1284 1642 ex
1304 1604 1366 1643 his
1386 1607 1498 1654 loca,
1534 1620 1619 1645 non

224 1677 384 1723 onmia,
413 1674 580 1720 rectius,
608 1686 726 1724 quam
757 1672 805 1709 ab
831 1672 930 1718 aliis,
959 1672 1146 1722 exposita
1167 1672 1442 1720 videbuntur5
1485 1674 1616 1710 oratio

224 1756 387 1797 quoque
421 1742 501 1778 viri
529 1740 641 1777 docti
671 1740 791 1790 paulo
824 1738 1047 1776 modestior
1080 1746 1141 1777 est
1162 1747 1202 1777 et
1226 1738 1466 1788 humanior,
1496 1754 1617 1792 quam

224 1812 547 1849 obtrectatorum
583 1807 705 1846 modo
743 1808 1067 1855 nominatorum,
1109 1820 1285 1859 quorum
1315 1807 1542 1858 malignitas
1577 1813 1619 1845 et

222 1878 449 1916 calumniae
472 1876 521 1913 ab
544 1890 592 1913 eo
611 1880 820 1912 notantur.

334 1944 446 1982 Ahas
476 1943 663 1980 virorum
705 1940 918 1979 doctorum
944 1942 1271 1988 observationes,
1300 1955 1374 1992 per
1405 1942 1519 1979 varia
1551 1941 1616 1980 di-

221 2025 379 2065 spersas
411 2024 553 2062 opera,
590 2009 741 2061 passim
763 2008 936 2046 laudavi.
1013 2010 1157 2046 Plures
1188 2015 1325 2046 autem
1351 2007 1459 2047 haud
1492 2008 1618 2048 dubie

218 2080 490 2119 inveniuntur
523 2077 567 2114 in
598 2076 738 2117 libris,
776 2088 879 2127 quos
911 2077 1124 2115 consulere
1154 2075 1256 2114 mihi
1280 2090 1364 2114 non
1384 2076 1525 2124 licuit,
1549 2077 1615 2115 vel

219 2148 263 2188 in
286 2159 462 2199 quorum
479 2143 657 2183 lectione
679 2156 762 2181 non
787 2151 1056 2182 occurrerunt
1073 2144 1200 2181 oculis
1223 2144 1336 2181 meis.

498 2209 805 2249 INEDITA
843 2210 934 2249 ΕΤ
975 2210 1336 2250 PROMISSA.

329 2280 467 2320 Multa
510 2293 564 2318 ex
594 2279 646 2317 iis
667 2279 746 2318 iam
786 2277 983 2317 indicavit
1000 2279 1234 2317 Herminius
1256 2279 1301 2316 in
1325 2278 1482 2330 Proleg.
1506 2278 1612 2317 Sect.

217 2349 291 2389 IV.
306 2347 372 2386 his
391 2347 528 2386 verbis
545 2362 553 2384 :

328 2415 524 2463 „Praeter
554 2428 600 2452 ea
623 2412 846 2466 (Scholia),
881 2428 982 2465 quae
1012 2414 1141 2453 latent
1166 2414 1209 2451 in
1234 2411 1494 2450 Bibliotheca
1515 2413 1611 2451 Me-

218 2482 444 2522 ‹liolanensi
470 2482 662 2534 aliisque,
715 2495 797 2519 non
820 2487 989 2532 possunt
1012 2495 1095 2519 non
1120 2482 1249 2519 latere
1273 2480 1369 2518 hinc
1401 2479 1496 2517 inde
1526 2482 1611 2518 Le-

218 2553 374 2589 stiones
393 2550 600 2588 Publicae
628 2562 750 2601 super
773 2549 1022 2596 Iuvenalem,
1061 2549 1198 2600 quales
1224 2549 1380 2586 Romae
1407 2549 1609 2601 stlat-etus,

216 2615 377 2657 Leidae
391 2618 580 2655 Cunaeus
594 2644 606 2661 ,
635 2616 897 2655 Boxlzomms
915 2616 1065 2668 aliique
1088 2617 1212 2655 variis
1230 2617 1274 2654 i'n
1293 2616 1394 2653 locis
1418 2614 1608 2652 habuere.

218 2683 389 2724 scholas
412 2685 629 2730 Privatas,
660 2697 757 2737 quas
780 2684 901 2735 vulgo
917 2684 1103 2736 Collegia
1117 2691 1158 2722 et
1183 2686 1361 2723 Dte-tata
1395 2682 1608 2735 appellant,
