1759 3029
185 115 270 141 vul
659 98 1088 140 PRAEFATIO.

185 226 306 280 lum
331 225 521 280 locum
560 222 629 278 ab
668 224 824 279 initio
865 225 1272 298 quaerebatur3
1309 245 1414 280 nec
1433 246 1565 283 raro

186 314 263 382 fit,
297 327 358 367 ut
393 313 603 368 sensim
629 316 952 386 sensimque
983 313 1053 368 ad
1076 314 1210 368 alias
1234 334 1430 370 rerum
1459 337 1565 373 no·-

186 403 365 457 tiones
395 414 447 473 et
468 403 733 477 imagines
773 403 1047 458 delabaris
1084 416 1138 457 et
1169 402 1396 460 tandem
1429 406 1566 459 sub-

183 492 382 565 iungas
404 492 941 565 interpretationem,
965 511 1156 565 quam,
1179 494 1225 547 si
1250 494 1307 548 in
1331 493 1442 548 alio
1465 493 1567 547 de-

184 578 573 653 prehenderis,
597 581 889 654 quomodo
913 582 963 634 ei
984 582 1044 636 in
1063 594 1311 636 mentem
1335 584 1568 651 venerit,

184 670 410 741 assequi
454 670 550 724 vix
594 671 793 744 possis.
875 672 1036 737 Quae
1076 671 1265 723 omnia
1307 689 1569 726 commu-

183 777 317 813 nem
339 759 715 832 interpretum
747 757 1129 816 conditionem
1159 758 1325 812 nimis
1365 758 1571 817 duram

185 857 239 900 et
260 847 662 918 iniquamesse
687 845 909 915 docent,
939 866 1115 919 quam
1136 858 1199 900 ut
1221 847 1279 900 in
1306 865 1374 901 eo
1398 869 1571 922 gene-

183 954 248 991 re
280 935 560 1007 perfectae
596 935 811 1009 aiiquid
841 948 896 990 et
925 937 1214 994 absolutae
1240 956 1446 1010 operae
1469 958 1570 993 ex-

186 1025 426 1098 spectari
447 1024 637 1098 possit.
652 1031 685 1055 ‘⁶

336 1204 495 1259 Hane
560 1224 697 1260 vero
755 1206 1129 1278 interpretum
1189 1201 1572 1262 conditionem

181 1292 364 1348 multo
394 1294 687 1349 duriorem
711 1292 896 1348 reddit
916 1307 970 1347 et
989 1293 1334 1366 iniquiorem
1354 1292 1573 1348 indoles

182 1382 307 1435 aevi
361 1385 570 1451 nostri,
640 1404 755 1457 quo
798 1403 915 1438 non
957 1384 1123 1456 pauci
1177 1402 1406 1451 eorum,
1472 1383 1573 1456 qui

182 1468 576 1526 hamanitatis
610 1471 944 1546 profitentur
982 1470 1183 1539 studia,
1219 1491 1574 1544 quamquam

181 1560 381 1615 mitem
420 1562 659 1616 Gesneri
692 1561 1022 1634 sapientiam
1052 1561 1210 1615 iustis
1248 1560 1576 1633 praedicent

181 1646 473 1717 laudibus,
522 1650 811 1705 Klotzium
844 1662 1032 1704 tamen
1062 1649 1381 1723 arrogantia
1405 1661 1459 1701 et
1484 1649 1575 1702 in-

182 1734 533 1793 humanitate
558 1728 845 1811 superant,
869 1751 923 1791 et
945 1758 1017 1793 ne
1040 1738 1318 1791 tironibus
1340 1736 1575 1809 quidem

181 1824 299 1878 ulla
318 1826 512 1899 religio
536 1839 635 1894 est,
659 1846 912 1881 summos
936 1842 1169 1897 quoquo
1193 1825 1364 1893 virOS,
1393 1835 1457 1885 ὡν
1486 1836 1574 1887 οὐκ

181 1920 300 1963 εἰσιν
349 1919 504 1966 ἱκανοι
553 1921 692 1965 λυσαι
735 1933 847 1975 τους
885 1919 1084 1978 ἱμαντας
1120 1933 1212 1962 των
1252 1914 1575 1982 ὑποᾶηματων

185 2005 240 2047 et
263 2012 515 2066 quorum
540 1994 819 2063 doctrina,
842 1994 1130 2068 ingenium
1153 2013 1216 2048 ao
1232 1995 1431 2050 merita
1453 1994 1576 2053 non*

183 2083 373 2137 minus
406 2103 435 2138 a
456 2105 548 2139 me
574 2084 959 2158 suspiciuntur
997 2102 1171 2156 quam
1192 2083 1260 2137 ab
1286 2085 1571 2154 omnibus,

186 2172 287 2244 qui
316 2192 379 2226 ea
409 2174 512 2228 rite
543 2175 838 2231 aestimare
874 2173 1075 2240 sciunt,
1122 2174 1445 2246 asperrimis
1482 2174 1568 2229 di—

188 2261 288 2316 ctis
330 2262 606 2318 lacessere
655 2263 884 2336 altoque
928 2261 1217 2335 despicere
1251 2264 1569 2336 supercilio.

185 2349 270 2405 Ita
292 2352 441 2405 enim
467 2364 661 2408 nostro
688 2353 932 2420 saecule,
967 2350 1125 2425 quod
1154 2351 1222 2406 de
1248 2352 1568 2409 humanita-

186 2451 240 2495 te
266 2460 329 2494 ac
354 2441 479 2495 luce
500 2443 796 2497 literarum
817 2443 978 2497 toties
1000 2441 1290 2517 gloriatur,
1309 2442 1572 2496 venimus

188 2528 271 2585 ad
314 2549 601 2586 summum
628 2530 954 2604 fortunae:
1007 2565 1080 2577 --
1142 2529 1460 2597 Caedimus
1507 2539 1573 2594 et,
