1759 3029
271 126 355 169 400

270 239 332 270 bet
349 249 477 281 poenas
503 240 638 271 maritis
657 240 752 272 iratis
773 250 826 280 10,
850 239 928 272 315.

270 304 412 338 propter
455 296 521 328 hoc
563 308 725 340 rumpere
765 308 931 329 somnum

268 352 300 392 5,
315 364 368 385 20.
407 361 484 385 ante
506 356 624 385 omnia
656 355 753 386 citari
781 353 933 387 Scatinia

267 421 301 450 2,
322 411 378 442 44.
404 411 598 444 debuerant
619 412 708 443 olim
723 419 843 442 tenues
860 411 933 441 mi—

268 477 383 508 grasse
407 467 560 510 Quirites
574 469 611 508 ,5,
635 469 710 502 165.
759 481 802 499 an
822 466 935 498 debe-

268 532 321 555 ret
341 536 490 566 sperare,
504 527 639 568 rogavit
660 526 693 565 6,
709 525 786 569 587.
820 523 933 555 debe-

269 591 307 612 re
325 593 360 612 se
380 581 469 614 nihil
492 584 556 615 tibi
578 592 677 626 putat
707 586 737 623 ὅ,
764 583 818 615 51.
867 580 934 611 de-

266 637 372 669 betur
394 639 623 673 Prometheus
648 643 785 684 patinae
807 640 838 679 4,
858 638 934 670 155.

266 696 427 727 maxima
440 707 556 739 puero
575 698 778 730 reverentia
810 707 822 728 1
839 710 861 738 ¹,
880 696 936 737 47.

265 762 394 794 magna
425 765 536 796 poena
566 755 714 787 cadurco
741 754 870 786 violato
905 753 936 792 6,

267 808 345 852 557.
390 813 507 844 minor
543 812 728 845 admiratio
770 811 936 843 monstris

267 866 301 906 6,
325 867 402 910 647·

312 923 455 956 Dehz'lis
475 925 622 957 humero
649 937 702 966 10,
725 935 803 968 227-

312 981 519 1014 Debilitate
540 983 673 1015 carebis
695 983 750 1022 14,
766 979 843 1013 156.

313 1049 469 1082 Debitor
483 1060 617 1083 sumtos
630 1053 748 1094 pergit
765 1061 836 1083 non
850 1046 936 1082 red-

268 1105 351 1139 dere
374 1120 540 1140 uumJnos
562 1110 616 1150 16,
639 1110 695 1141 40.

312 1179 446 1210 Decem
466 1180 612 1211 comites
633 1191 665 1223 7,
684 1178 758 1211 142.

313 1244 505 1277 Decembri
539 1251 614 1274 toto
642 1246 764 1275 vinum
792 1241 935 1285 >nescire

267 1313 300 1345 7,
326 1313 381 1347 97.
406 1299 597 1331 Decembri
627 1299 804 1341 Aquilone
824 1310 855 1342 9,
881 1295 936 1328 68.

314 1369 515 1403 Decentius
544 1369 639 1401 soliti
659 1370 773 1400 ornari
807 1368 839 1407 6,
858 1364 936 1408 [187.

316 1439 433 1470 Decet
474 1440 614 1469 iuvenes
661 1439 796 1469 clamor
826 1454 872 1459 ——
902 1441 936 1465 et

268 1497 383 1528 cultae
411 1494 584 1526 adsedisse
615 1495 756 1538 puellae
791 1501 855 1524 cet.
886 1502 937 1531 11,

269 1553 350 1584 500.
377 1564 446 1583 esse
464 1553 584 1594 quales
610 1563 660 1592 11,
689 1550 762 1583 155.
790 1548 938 1581 decebat

272 1610 478 1651 Quirinum,
515 1608 611 1650 quod
639 1618 738 1651 'turpe
774 1607 876 1638 bonis
905 1606 938 1646 4,

273 1667 324 1698 15.
361 1665 536 1697 decebunt
546 1666 704 1704 Volesos,
718 1676 804 1706 quae
824 1664 939 1705 turpia

271 1723 415 1754 cerdoui
435 1724 468 1761 8,
487 1724 560 1755 132.
592 1722 732 1754 deceret
759 1731 845 1762 quos
869 1721 938 1751 ali-

273 1779 360 1821 quid
378 1791 549 1821 magnum
560 1779 592 1818 8,
614 1779 692 1812 265.
722 1791 765 1810 311
776 1778 938 1810 multicia

268 1844 394 1868 testem
416 1848 446 1877 2,
491 1834 543 1880 76.
591 1835 716 1867 decens
745 1837 876 1867 mulier
907 1835 938 1876 6,

272 1892 348 1924 162.

315 1951 502 1981 Decernat
517 1949 766 1991 quodcumque
781 1949 876 1980 volet
894 1947 938 1980 de

271 2017 417 2049 corpore
442 2007 491 2047 13,
508 2019 563 2051 92.

317 2066 516 2107 Decerpere
551 2065 580 2095 si
619 2065 668 2095 vis
703 2064 808 2095 aliam
831 2065 938 2095 ficum

277 2123 328 2163 14,
355 2122 433 2155 255.

317 2179 493 2214 Decidere

274 2249 324 2278 12,
353 2239 408 2269 Ξῖ.

316 2292 505 2328 Deciderit
537 2301 679 2334 serpens
719 2292 755 2322 111
791 2289 885 2322 dolia
905 2289 936 2330 6,

269 2353 349 2385 452.

314 2409 446 2442 Decies
482 2413 628 2437 centena
659 2405 730 2436 ritu
759 2402 936 2435 dabuntur

554 2178 646 2209 iactu
694 2187 776 2208 cum
823 2178 936 2209 ventis

271 2468 415 2507 antiquo
435 2466 471 2496 in
502 2463 624 2494 dotem
647 2473 699 2502 10,
718 2461 795 2493 355.
839 2461 937 2492 lectis

269 2524 411 2556 tabellis
434 2524 483 2560 15,
502 2519 575 2552 156.
602 2527 635 2551 et
656 2530 725 2551 non
746 2526 798 2550 ter
823 2517 937 2551 decies

272 2582 418 2622 respiret
447 2580 499 2617 131,
520 2577 575 2609 28.
673 2567 679 2571 ’

318 2635 467 2678 Decipit
485 2647 542 2667 vos
563 2646 640 2677 spes
663 2635 696 2674 5,
714 2633 789 2667 166.
819 2640 937 2665 custo-

271 2694 332 2727 des
350 2695 382 2734 0,
410 2692 486 2726 234.
526 2690 719 2733 decipiatur
741 2691 877 2724 adulter
903 2688 936 2729 6,

817 124 1123 166 INDEX

986 238 1065 271 404.
1100 237 1245 281 decepta
1282 245 1362 270 vota
1392 237 1424 279 6,
1452 238 1530 273 605.

988 307 1020 339 9,
1052 297 1124 328 1253.

1034 352 1141 385 Decii
1149 351 1283 395 pluris,
1303 364 1411 396 quam
1428 353 1490 398 qui
1499 363 1652 384 Servan-

991 416 1050 441 tur
1077 408 1122 441 ab
1162 408 1235 441 illis
1276 408 1307 449 8,
1338 409 1415 442 253.
1463 410 1656 441 Deciorum

992 468 1128 498 animae
1147 466 1314 509 plebeiae,
1329 467 1390 497 sed
1410 479 1472 509 pro
1495 469 1576 498 totis
1599 467 1670 498 le—-2

1577 251 1615 283 sp
1621 252 1655 273 es

992 523 1154 564 gionibus
1172 524 1350 554 sufficiunt
1367 523 1444 556 Diis
1463 524 1495 565 8,
1518 523 1585 556 254
1601 534 1653 565 sq.

992 582 1028 611 iu
1053 588 1194 622 pectore
1223 588 1372 621 quantus
1397 583 1527 623 patriae
1558 591 1657 612 amor

997 636 1048 674 14,
1071 638 1149 679 2⁷9.

1040 689 1273 722 Declamatio
1300 693 1359 724 fias
1391 703 1443 733 10,
1474 691 1552 735 ¹167.
1592 690 1658 722 de·-

994 748 1247 784 clamationum
1266 749 1420 780 themata
1444 761 1472 789 1,
1489 747 1539 790 16,
1563 759 1600 782 n.
1625 760 1658 792 7,

998 803 1060 836 160
1082 816 1133 846 sq.
1161 816 1198 836 n.
1234 805 1307 849 169.

1039 861 1309 893 Declamaforis
1329 862 1468 904 Vagelli
1490 863 1545 903 16,
1559 864 1614 896 23·

1038 918 1252 951 Declamare
1277 919 1380 951 doces
1401 933 1430 963 ζ,
1455 920 1529 953 150.

1038 976 1199 1009 Decolor
1216 976 1314 1007 heres
1332 975 1365 1015 6,
1388 977 1466 1010 500.
1499 984 1590 1010 totus
1603 987 1660 1008 es·-

994 1043 1045 1066 set
1065 1034 1211 1065 Flaccus
1230 1045 1262 1076 7,
1288 1032 1364 1065 226.

1040 1091 1203 1124 Decoxit
1222 1091 1334 1123 aheno
1356 1097 1415 1121 aut
1434 1089 1583 1122 verubus
1605 1091 1662 1130 15,

994 1149 1049 1182 81,
1073 1148 1217 1178 decocta
1243 1145 1365 1190 (aqua)
1396 1146 1558 1189 frigidior
1585 1145 1661 1178 Ge-

993 1204 1070 1235 ticis
1091 1205 1224 1246 pruinis
1243 1201 1276 1241 5,
1301 1215 1354 1234 oo.

1039 1268 1285 1304 Decrescebat
1302 1271 1373 1301 iam
1393 1281 1501 1312 genus
1519 1269 1586 1301 hoc
1604 1272 1660 1302 vi—

992 1339 1035 1360 vo
1053 1328 1211 1360 Homero
1239 1330 1290 1367 15,
1305 1327 1360 1371 69.
1382 1327 1581 1359 decrescere
1602 1329 1662 1359 in-

994 1384 1037 1417 de
1065 1384 1202 1426 aliquid
1225 1393 1343 1427 patere
1374 1397 1406 1428 7,
1428 1395 1505 1416 220.

1038 1454 1235 1485 Decurrere
1254 1464 1378 1495 campo
1401 1464 1428 1493 1,
1458 1464 1509 1497 19.
1539 1452 1658 1498 festi-

994 1515 1062 1541 nat
1081 1511 1184 1541 vitae
1203 1510 1330 1552 portio
1359 1521 1389 1554 9,
1409 1512 1483 1543 126.

1041 1580 1164 1612 Decus
1192 1579 1293 1620 quale
1319 1589 1450 1620 rerum,
1480 1581 1508 1611 si
1536 1581 1661 1611 coniu-

996 1638 1047 1679 gis
1069 1639 1182 1668 auctio
1212 1634 1294 1667 fiat?
1337 1635 1371 1675 6,
1402 1635 1479 1668 255.
1528 1634 1662 1669 decoris

997 1693 1188 1736 quaerendi
1212 1705 1293 1725 cura
1313 1694 1344 1732 6,
1363 1691 1441 1725 501.

1040 1762 1206 1794 Dedecus
1241 1763 1306 1794 hoc
1335 1762 1377 1793 ab
1416 1762 1481 1794 illo
1509 1763 1597 1795 absit
1630 1763 1663 1803 4,

997 1821 1074 1852 151.
1100 1820 1196 1852 urbis
1223 1819 1327 1851 habes
1357 1819 1390 1859 8,
1411 1831 1488 1852 200.
1537 1820 1664 1853 domus

1001 1886 1053 1916 10,
1076 1876 1155 1907 542.

1041 1933 1200 1965 Dedin-ts
1238 1945 1348 1976 usque
1384 1933 1469 1965 adeo
1508 1936 1584 1976 quis
1614 1944 1664 1968 est

997 1988 1055 2021 ei?
1082 1991 1114 2030 6,
1154 1990 1228 2023 181.

995 2046 1059 2078 tibi
1082 2047 1191 2078 cliens
1212 2059 1244 2091 9,
1268 2060 1324 2090 71.

1275 1993 1336 2024 uni
1367 1993 1504 2024 animus
1531 1990 1563 2032 6,
1583 1993 1661 2025 205.

1040 2115 1206 2148 Deduxit
1229 2113 1354 2147 Caesar
1371 2112 1523 2148 domitos
1536 2117 1579 2149 ad
1599 2130 1660 2150 sua

994 2173 1101 2214 flagra
1141 2172 1296 2213 Quirites
1337 2182 1387 2212 10,
1423 2184 1496 2217 109.
1541 2173 1658 2207 dedu—

995 2238 1048 2261 cet
1087 2230 1200 2262 latum
1235 2230 1374 2260 sulcum
1410 2229 1528 2262 media
1556 2244 1660 2265 arena

996 2297 1025 2328 1,
1045 2285 1120 2330 157.
1151 2285 1192 2317 V.
1206 2286 1249 2317 L.
1282 2295 1425 2328 gentem
1444 2287 1486 2319 ab
1509 2291 1604 2333 asylo
1628 2292 1662 2331 8,

993 2343 1072 2386 255.
1097 2344 1215 2374 lanam
1237 2343 1384 2385 obliquo
1407 2345 1500 2381 ferro
1528 2347 1558 2387 6,
1579 2348 1658 2381 224.

993 2409 1085 2433 vates
1106 2400 1195 2431 nihil
1219 2402 1414 2443 expositum
1437 2413 1467 2446 7,
1487 2402 1543 2435 54.
1591 2403 1657 2435 de-

995 2457 1122 2490 ducere
1143 2469 1201 2489 me
1220 2459 1310 2490 solet
1329 2458 1428 2490 Luna
1447 2459 1570 2499 &286-
1593 2472 1658 2492 ve—

992 2523 1084 2547 stem
1101 2523 1284 2547 contentus
1307 2515 1356 2556 15,
1379 2516 1452 2548 132.
1501 2516 1545 2548 ad
1573 2518 1659 2550 fon-

993 2581 1069 2604 tem
1099 2574 1298 2613 quaesitum
1333 2573 1426 2605 solos
1452 2585 1574 2616 verpos
1603 2583 1657 2612 14,

998 2630 1073 2664 104..
1120 2628 1346 2661 deducendus
1376 2632 1469 2662 corio
1499 2631 1595 2663 bovis
1619 2633 1656 2663 111

994 2698 1092 2719 mare
1136 2688 1185 2728 15,
1228 2686 1300 2719 153.
1344 2686 1503 2720 deductis
1548 2689 1654 2731 longa
