1759 3029
253 172 334 215 552
770 168 1128 208 EXCVBSVS

260 287 381 322 Tereo
406 297 443 321 v.
475 283 632 321 Comm.
661 296 747 335 sup.
778 283 829 322 ad
856 284 930 332 VI,
961 284 1053 322 644.
1094 290 1135 320 et
1173 282 1247 320 ins.
1278 282 1329 321 ad
1363 294 1402 321 v.
1443 284 1506 333 73.
1544 283 1643 323 Fuit

255 358 543 401 argumentum
581 365 627 389 ac
655 352 801 389 titulus
831 352 1054 389 multarum
1089 351 1399 401 tragoediarum,
1437 365 1533 402 quas
1564 352 1644 388 So-

253 419 434 471 phoclc’S,
460 418 692 470 Euripides,
735 419 882 457 Livius
925 418 1198 465 Andronicus,
1235 418 1284 455 L.
1325 418 1465 455 Attius
1493 418 1644 469 aliique

254 487 520 537 scripserunt.
580 487 647 524 Sic
677 493 718 524 et
751 486 930 524 Thebais
967 485 1022 537 (h.
1052 486 1077 523 l.
1113 482 1290 539 Thebae)
1320 486 1521 536 inscripta
1546 486 1645 523 olim

254 566 339 592 non
377 552 498 591 modo
542 554 721 592 carmina
758 552 934 600 heroica,
977 553 1050 591 sed
1089 554 1212 592 etiam
1250 552 1492 604 tragoediae,
1536 565 1570 591 v.
1611 565 1645 590 c.

256 621 438 659 eiusdem
466 620 574 659 Attii
601 627 643 658 et
675 621 863 659 Senecae.

669 764 706 803 E
746 766 791 805 X
831 765 863 803 C
903 766 945 803 V
981 764 1022 802 R
1057 765 1083 802 S
1120 765 1160 803 V
1202 765 1231 802 S

744 868 805 906 ad
832 868 920 907 Sat.
963 867 1059 914 VII,
1094 867 1158 904 62.

360 960 474 996 Ezcoe
493 959 656 996 restitui
674 972 726 995 ex
747 958 784 994 4.
815 957 894 994 Est
912 963 1010 994 nota
1030 970 1116 994 vox
1135 955 1388 995 Baccharum
1405 952 1496 997 εὐοῖ
1511 953 1583 1008 (cx
1606 949 1652 996 εὖ

258 1026 322 1077 οἱ)
352 1032 393 1064 et
422 1027 682 1069 exclamatio,
713 1038 839 1076 quum
868 1025 1094 1075 praesentis
1124 1024 1456 1061 numinisrsensu
1480 1030 1650 1075 pertur—

254 1095 454 1133 barentur
491 1108 535 1132 ac
566 1093 769 1139 furerent,
810 1097 858 1129 ut
894 1087 995 1131 εὐᾶν
1031 1097 1073 1128 et
1113 1092 1248 1142 σαβοῖ,
1292 1091 1352 1141 (v,
1392 1092 1507 1141 Virg.
1543 1091 1648 1129 Aen.

255 1163 352 1208 VII,
382 1163 475 1212 389.
507 1167 548 1199 et
578 1160 700 1198 Ovid.
728 1161 828 1197 Met.
860 1159 934 1205 IV,
967 1156 1077 1208 522.)
1104 1158 1213 1195 unde
1242 1157 1494 1196 Bacchantes
1524 1156 1650 1198 Ez'J'ibo

255 1230 443 1282 γυναῖκες
480 1228 674 1265 dicuntur
711 1227 855 1277 Eurip.
903 1225 1058 1262 Phoen.
1111 1226 1203 1264 660.
1257 1232 1297 1263 et
1341 1226 1428 1276 ipse
1466 1224 1651 1263 Bacchus

255 1297 404 1348 passim
435 1292 575 1344 Eissi'og,
604 1297 750 1331 Enim.
780 1308 818 1331 v.
848 1294 1012 1330 Barnes.
1056 1292 1105 1328 ad
1129 1292 1274 1343 Eurip.
1304 1292 1450 1331 Bacch.
1487 1295 1574 1332 141.
1607 1299 1651 1330 et

256 1363 453 1402 Bourdin.
487 1363 538 1401 ad
565 1361 777 1413 Aristoph.
809 1358 1059 1410 Thesmoph.
1092 1373 1183 1410 999.
1233 1360 1387 1398 Eadem
1406 1375 1509 1398 voce
1528 1361 1651 1399 etiam

257 1432 456 1470 Horatius
490 1432 534 1468 in
563 1444 721 1468 summo
763 1426 1040 1466 enthusiasmo
1079 1440 1175 1464 usus
1213 1434 1274 1463 est
1316 1428 1397 1467 Od.
1429 1429 1483 1475 H,
1520 1441 1580 1479 19,
1613 1429 1651 1465 5.

261 1513 296 1546 7.
330 1523 383 1529 —
414 1499 487 1536 olze
523 1511 584 1535 10.
621 1498 680 1535 15.
711 1498 776 1534 24.
810 1495 875 1532 25.
910 1494 975 1531 50.
1008 1495 1073 1531 54.
1113 1495 1290 1533 56-60.
1332 1495 1509 1546 62-69.
1543 1507 1653 1543 71-

262 1570 324 1617 74.
383 1579 446 1615 77.
504 1565 614 1617 quod
662 1564 893 1615 probabant
934 1564 1143 1610 Britann.‚
1196 1563 1390 1610 Farnab.,
1435 1561 1653 1609 solun-211„

258 1634 416 1673 Bahrdt
436 1640 478 1671 et
509 1634 588 1681 alii,
617 1633 707 1669 coll.
739 1633 885 1669 Horat.
918 1632 999 1668 Sat.
1044 1632 1075 1678 Ι,
1105 1633 1141 1677 5,
1177 1643 1236 1668 12.
1268 1630 1320 1677 Π,
1363 1632 1399 1678 5,
1440 1630 1503 1681 96.
1535 1631 1651 1666 Mar-

258 1704 343 1741 tial.
374 1701 444 1748 IV,
475 1714 540 1751 91,
575 1715 605 1738 1.
638 1699 770 1737 Plaut.
800 1699 938 1736 Aulul.
970 1696 998 1745 I,
1038 1711 1070 1745 1,
1114 1698 1174 1735 16.
1203 1699 1251 1735 al.
1282 1698 1428 1749 quibus
1456 1696 1558 1734 locis
1588 1697 1655 1734 sa-

259 1770 427 1809 stidinm
460 1769 706 1819 satietasque
746 1766 821 1803 hac
854 1780 957 1804 voce
996 1766 1240 1815 designatur.
1309 1764 1390 1801 Sed
1429 1764 1501 1801 olle
1536 1764 1655 1802 multi

261 1840 418 1884 dixere,
461 1851 556 1873 enoe
594 1848 696 1872 vero
726 1840 892 1885 praeter
927 1834 1151 1871 Horatium
1189 1847 1324 1873 nemo,
1367 1833 1446 1870 nisi
1477 1831 1525 1868 de
1555 1831 1653 1882 ipsis

259 1905 451 1945 Bacchis:
491 1903 672 1955 adeoque
702 1902 778 1939 hac
814 1915 917 1938 voce
947 1901 1086 1951 magis,
1129 1914 1247 1951 quam
1285 1899 1377 1947 illa,
1427 1899 1656 1936 carminum

262 1973 428 2011 Horatii
456 1970 614 2008 indoles
654 1975 696 2006 et
736 1969 949 2006 character
991 1968 1269 2014 adumbratur,
1304 1973 1350 2003 ut
1380 1980 1479 2004 mox
1519 1980 1556 2003 v.
1591 1966 1656 2003 68.

261 2055 342 2092 seq.
373 2037 625 2087 Virgilianae
658 2035 885 2083 Aeneidos,
936 2036 1077 2073 habito
1108 2040 1300 2085 respectu
1323 2034 1405 2071 loci
1433 2033 1482 2070 de
1509 2031 1656 2069 Alecto

261 2108 363 2145 Aen.
390 2105 486 2142 VII.
544 2104 698 2140 Errant
729 2108 878 2149 autem,
916 2103 987 2153 qui
1023 2116 1118 2139 euoe
1154 2108 1197 2138 et
1234 2102 1306 2138 olze
1348 2100 1546 2138 vocabula
1591 2114 1656 2136 es-

263 2190 305 2213 se
341 2185 587 2225 synonyma,
623 2170 692 2208 vel
731 2169 803 2206 olze
844 2170 967 2206 etiam
1003 2168 1045 2205 in
1087 2171 1231 2208 Horat.
1264 2168 1289 2204 l.
1328 2168 1354 2205 l.
1395 2167 1656 2205 scribendum

262 2242 512 2280 existimant.
555 2258 608 2266 -—·
652 2236 777 2274 euhoe
816 2251 852 2287 9.
899 2242 940 2272 et
981 2237 1045 2273 23*
1072 2250 1095 2273 a
1135 2249 1187 2272 m.
1226 2248 1286 2284 pr.
1327 2240 1374 2271 ut
1414 2249 1475 2286 ap.
1515 2234 1655 2272 Sidon.

262 2310 392 2361 Epist.
429 2306 548 2354 VIII,
581 2319 616 2356 9.
664 2306 862 2341 Forsitan.
889 2303 1118 2340 Satiris-um
1151 2303 1260 2339 illud
1291 2302 1340 2339 de
1368 2303 1548 2339 Satirico
1575 2315 1660 2338 non.

260 2376 514 2416 recordaris.-
568 2374 694 2410 δαΐαν
715 2380 787 2416 est,
816 2385 942 2422 quum
962 2370 1068 2407 elicit
1092 2371 1302 2407 Horatius
1324 2369 1479 2407 Euhoe.
1498 2391 1549 2398 --
1580 2368 1655 2405 lzo-

263 2445 311 2481 he
350 2456 407 2480 11.
438 2444 496 2479 13.
520 2441 592 2477 hoe
621 2440 680 2478 16.
712 2451 775 2487 17.
802 2450 866 2475 22.
895 2450 959 2487 27.
982 2439 1046 2475 45.
1073 2436 1198 2474 elzof'oe
1222 2449 1289 2475 21.
1321 2436 1492 2474 IIeuIzoe
1520 2437 1580 2474 14.
1608 2437 1655 2473 18

264 2533 313 2540 --
335 2524 398 2548 2ω.
425 2511 476 2547 23
512 2523 534 2545 a
559 2523 611 2546 m.
640 2521 717 2544 sec.
751 2508 816 2558 49.
850 2507 913 2543 55.
942 2503 1116 2541 Heuolze
1153 2515 1212 2544 12.
1254 2505 1451 2542 46—48.
1485 2504 1550 2540 61.
1594 2515 1655 2551 7ο.

267 2579 329 2627 75.
359 2578 420 2626 75.
449 2578 512 2613 82.
546 2599 598 2606 --
661 2574 782 2612 Cous.
807 2573 952 2611 Horat.
998 2571 1076 2609 Od.
1121 2572 1174 2619 ΙΙ,
1218 2586 1277 2623 19,
1321 2573 1358 2610 5.
1403 2583 1438 2619 7.
1469 2577 1510 2608 et
1539 2571 1655 2620 Virg.

265 2648 365 2682 Aen.
396 2644 490 2690 VH,
519 2644 613 2694 589.
645 2643 792 2694 quibus
820 2641 921 2678 locis
951 2638 1116 2678 eaedem
1141 2639 1405 2678 librariorum
1427 2637 1657 2676 aberratio-

263 2726 332 2750 ncs
364 2712 637 2763 reperiuntur.
