1759 3029
289 169 370 211 140

625 172 680 211 D.
731 171 874 215 IVN.
912 172 1316 215 IVVENALIS

282 278 360 347 Et
396 321 496 364 spes
532 314 578 349 et
606 312 722 351 ratio
755 311 1010 353 studiorum
1036 315 1086 353 in
1122 312 1310 354 Caesare
1339 317 1546 354 tantum:

282 374 417 416 Solus
449 379 572 417 enim
609 381 761 420 tristes
792 378 875 420 hac
910 387 1178 438 tempestate
1210 379 1427 421 Camenas

279 440 529 500 Respexit,
565 459 707 500 quum
738 450 828 488 iam
855 448 1052 491 celebres
1086 453 1274 504 notique
1304 455 1466 505 poetae

276 509 551 557 Balneolum
588 513 766 566 Gabiis,
802 515 972 558 Romae
999 519 1249 559 conducere
1284 516 1445 558 furnos

279 578 557 633 Tentarent,
595 598 675 624 nec
711 582 898 625 foedum
931 584 1029 637 ah‘i,
1070 601 1152 627 nec
1186 593 1322 641 turpe
1349 588 1569 640 putarent
1633 580 1663 624 5

275 645 528 690 Praecones
560 650 681 702 fieri,
715 665 880 705 qumn,
917 653 1105 694 desertis
1136 650 1402 708 Aganippes

277 714 520 768 vallibus,
558 722 761 759 esuriens
790 722 1009 774 migTaret
1038 724 1087 761 in
1108 724 1223 762 atria
1259 719 1373 760 Clio.

271 784 396 826 Nam
433 788 470 825 si
500 784 646 827 Pieria
681 788 905 842 quadrans
935 788 1018 829 tibi
1055 788 1211 829 nullus
1240 792 1290 830 in
1319 784 1482 827 umbra

273 852 582 907 ostendatur,
615 869 734 896 ames
771 870 941 897 nomen
974 860 1233 912 victumque
1267 853 1536 897 Machaerae

270 917 334 963 Et
366 923 533 962 vendas
571 927 749 979 potius,
785 928 1025 966 commissa
1059 926 1183 980 quod
1220 928 1369 966 auctio
1406 921 1563 962 vendit
1605 930 1662 961 10

267 988 525 1045 Staii‘tibUS,
559 992 903 1047 oenoph01·um·,
939 994 1169 1049 tripodas,
1205 993 1412 1043 armaria,
1449 991 1596 1041 cistas,

266 1055 533 1113 ,Alcyonem
566 1057 725 1113 Pach‚
764 1060 942 1102 Thebas
981 1068 1026 1102 et
1056 1060 1202 1103 Terea
1233 1060 1398 1102 Fausti.

269 1122 375 1168 Hoc
405 1130 567 1179 satius,
604 1143 741 1183 quam
779 1132 817 1169 si
851 1129 968 1170 dicas
1005 1129 1085 1170 sub
1120 1130 1293 1181 iudice,
1327 1125 1455 1178 Vidi,

271 1193 409 1245 Quod
436 1210 531 1235 non
563 1197 727 1238 vidisti.

794 1195 976 1238 Faciant
1005 1200 1175 1252 equites
1209 1195 1383 1246 Asiani,
1406 1248 1414 1251 K

266 1261 557 1318 Quamquam
568 1272 613 1305 et
625 1262 917 1321 Cappadoces
927 1264 1093 1306 faciant
1105 1268 1366 1320 equitesque
1377 1259 1583 1318 Bithyni,
1602 1273 1619 1300 1
1632 1257 1660 1303 5

267 1329 436 1373 Altera
471 1344 584 1385 quos
621 1333 745 1373 nudo
782 1334 979 1375 traducit
1011 1332 1161 1374 Gallia
1192 1334 1300 1375 talo.

266 1398 420 1441 Nemo
441 1407 595 1440 tamen
618 1402 776 1442 studiis
812 1402 1052 1457 indignum
1089 1400 1209 1444 ferre
1245 1401 1451 1443 laborem

269 1467 472 1523 Cogetur
505 1466 723 1523 posthac,
759 1473 901 1511 nectit
937 1473 1211 1525 quicumque
1246 1471 1424 1510 canoris

267 1535 522 1591 Eloquium
553 1537 708 1577 vocale
741 1538 887 1579 modis
918 1538 1192 1592 laurumque
1221 1536 1484 1578 momordit.

264 1602 371 1646 Hoc
399 1607 515 1661 agite
531 1635 542 1656 ‚
581 1620 607 1646 0
622 1606 829 1647 iuvenes:
861 1608 1166 1665 circumspicit
1184 1613 1229 1647 et
1251 1604 1458 1647 stimulat
1475 1618 1554 1647 vos
1594 1616 1655 1647 20

492 1756 584 1790 ΒΑΓ.
615 1757 703 1791 VII.

314 1825 344 1848 1.
366 1815 438 1848 Est
459 1825 540 1858 spes
562 1817 616 1850 (io.
637 1815 695 1849 65.
712 1833 759 1842 --
786 1821 932 1850 tantum

268 1878 328 1905 est
350 1884 400 1904 10.
423 1883 473 1903 11.
503 1872 553 1904 16.

314 1930 348 1962 5.
382 1929 465 1960 noti
486 1926 707 1974 celebresque
730 1939 782 1962 11.
804 1928 926 1962 14-22.

266 1985 323 2019 24.
345 1985 399 2029 49.
420 1984 476 2017 55.
496 1997 550 2026 Γ.

308 2041 342 2074 8.
369 2052 457 2073 arca
474 2052 537 2083 pro
559 2038 684 2071 umbra
711 2052 761 2073 10.
786 2051 840 2075 12.
863 2041 929 2074 14-

263 2112 317 2144 17.
345 2099 477 2140 18—27.
505 2096 630 2128 45-50.
654 2096 778 2142 54-69.
804 2099 925 2143 71-74.

259 2166 295 2190 et
342 2154 495 2188 XXXIII
539 2153 643 2186 codd.
683 2152 788 2186 Paris.
823 2156 926 2197 prob.

260 2213 394 2256 Grang.
413 2220 450 2244 ut
472 2222 592 2242 sensus
619 2211 680 2242 sit:
717 2212 744 2242 si
773 2222 925 2253 compo-

257 2273 333 2312 nis,
368 2277 406 2301 ut
429 2271 475 2300 ait
498 2269 580 2307 ille,
614 2268 777 2300 carmina
804 2267 926 2300 nullos

259 2339 297 2360 re
316 2327 455 2358 erentia
500 2335 640 2356 numos·-
705 2323 776 2356 Sed
809 2333 925 2356 nostra

258 2385 367 2416 lectio
389 2383 591 2425 exquisitior
612 2390 663 2413 est
683 2390 716 2413 et
736 2383 924 2423 venustior,

255 2441 321 2473 illa
336 2441 435 2473 scioli
456 2439 655 2472 scholastici
689 2449 835 2471 acumen
863 2450 924 2470 sa-

256 2498 320 2540 pit.

303 2565 334 2598 9.
360 2553 496 2585 victum
517 2561 715 2596 nomenque
738 2549 789 2584 16.
815 2562 921 2583 21.—

256 2609 481 2643 Machaetae
501 2609 558 2641 48.
607 2610 780 2642 Macerae
796 2620 849 2641 21.
866 2620 919 2641 22.

305 2678 358 2699 11.
394 2666 560 2709 tripodas
591 2676 654 2709 pro
678 2665 841 2710 tripodes
857 2676 918 2700 re-

257 2725 373 2757 vocavi
395 2734 437 2757 ex
456 2733 512 2756 20.
537 2723 592 2760 25.
615 2724 671 2756 232.

1039 1771 1092 1793 12.
1114 1772 1145 1791 v.
1171 1758 1314 1791 Excurs.
1333 1757 1377 1790 ad
1394 1758 1429 1790 11.
1450 1758 1476 1790 l.

1038 1828 1091 1861 15.
1115 1827 1220 1859 Haec
1242 1838 1294 1859 11.
1313 1826 1372 1859 45.

1036 1894 1088 1928 15.
1109 1901 1146 1927 et
1189 1895 1286 1926 abest
1319 1894 1362 1926 ab
1410 1893 1467 1927 46.
1500 1891 1557 1936 47.
1595 1890 1651 1925 48.

985 1952 1106 1986 Prima
1136 1953 1215 1997 syll.
1243 1963 1319 1984 voc.
1346 1949 1499 1994 Bithyni
1527 1959 1652 1992 anceps

986 2018 1060 2051 est,
1097 2018 1135 2041 ut
1158 2009 1292 2040 multae
1323 1999 1429 2048 aliae,
1465 2007 1499 2038 h.
1519 2007 1543 2038 1.
1564 2006 1651 2037 bre-

984 2069 1054 2107 vis,
1078 2074 1112 2098 at
1131 2067 1238 2108 longa
1262 2065 1325 2096 inf.
1345 2063 1389 2104 X,
1411 2064 1485 2096 162.
1560 2062 1648 2093 Bri-

983 2123 1068 2155 tani
1095 2135 1147 2166 ¹9·

1031 2190 1081 2223 16.
1112 2188 1258 2222 Gallica
1273 2191 1364 2220 coni.
1383 2186 1538 2230 quidam,
1552 2185 1649 2229 quod

981 2258 1165 2289 perperam
1202 2246 1360 2289 probavit
1398 2245 1525 2286 Rigalt.
1564 2243 1649 2275 coll.

983 2303 1097 2336 Gloss.
1116 2311 1200 2335 antt.
1226 2301 1442 2341 Calliculae,
1471 2297 1644 2345 τροχάδες.

1028 2371 1080 2405 18.
1096 2377 1189 2415 post
1212 2371 1302 2404 haec
1328 2369 1380 2404 16.
1404 2382 1457 2403 21.
1479 2381 1533 2402 22.
1556 2368 1611 2401 24.

1027 2451 1080 2472 20.
1106 2441 1189 2473 Huc
1219 2440 1322 2485 agite
1361 2439 1526 2481 quidam,
1572 2447 1644 2468 non

976 2498 1130 2541 improb.
1157 2497 1319 2539 Lubino,
1370 2505 1407 2528 ut
1428 2507 1548 2528 sensus
1575 2497 1643 2527 sit:

976 2554 1045 2587 huc
1075 2566 1133 2586 vos
1163 2554 1206 2586 ad
1234 2555 1487 2598 Imperatorem
1521 2563 1643 2591 unum,

975 2619 1130 2645 vestrum
1157 2620 1366 2655 patronum„
1400 2608 1574 2647 conferte,
1607 2613 1642 2638 et

975 2669 1137 2701 laborem
1161 2668 1358 2712 impendite
1387 2663 1521 2698 studiis.
1544 2682 1589 2688 —
1619 2672 1641 2693 ο

975 2723 1075 2776 abes}
1106 2725 1149 2759 ab
1177 2737 1232 2770 27.
1250 2725 1308 2770 47.
1332 2724 1388 2762 48.
1415 2722 1470 2758 58.
1497 2739 1542 2747 ——-
1571 2729 1642 2754 πού·
