1759 3029
314 186 736 229 EDITIONVM
791 188 1181 233 IVVENALIS
1297 203 1465 232 cxxxix

76 300 313 343 doctissimi.
341 316 380 342 v.
415 303 684 342 Almeloveen
712 302 763 341 de
799 304 896 342 vitis
933 305 1233 357 Stephanorum
1267 313 1309 345 et
1339 307 1470 346 Mait-

74 369 180 407 taire
211 369 381 410 historia
411 370 725 423 Stephanomm.

186 439 360 475 Persius
391 453 484 476 cum
512 439 731 483 quenali,
761 438 1028 477 Francosurti
1254 456 1313 481 12.
1350 444 1466 482 1544.

185 505 206 526 *
263 505 440 558 Gryphii
479 506 551 544 IV.
598 505 657 556 (n.
696 501 778 559 71.)
808 507 1020 544 luvenalis
1076 507 1244 557 Satyrae
1287 513 1374 548 iam
1400 526 1467 549 re·-

74 584 169 608 oens
225 576 417 625 cognitae
473 583 595 626 atque
634 574 887 612 emendatae.
955 575 1140 623 Parisiis,
1196 591 1244 613 ex
1296 579 1468 628 officina

70 637 292 678 Raneisci
323 640 503 692 Gryplzii
1209 656 1218 661 ²
1256 644 1316 682 16.
1351 647 1468 684 1545.

183 706 433 760 Plerumque
483 709 677 747 convenit
735 723 828 749 cum
875 709 989 748 editt.
1040 710 1132 749 Seb.
1159 709 1352 761 Gryphii.
1402 712 1469 750 Cf.

72 773 124 812 ad
152 773 279 813 Paris.
326 777 443 814 1528.
480 782 522 814 et
553 776 742 827 Lugdun.
784 779 899 817 1558.

181 844 202 864 *
255 844 473 882 Iuvenalis
503 851 551 881 et*
575 845 719 881 Persii
741 845 992 895 Satyrae.—-
1020 846 1201 884 Basileae
1244 847 1364 897 apud
1380 848 1470 884 Ni-

72 911 237 950 calaum
267 912 563 964 Brylingerum
1253 925 1314 953 12.
1350 915 1469 953 1546.

183 978 386 1030 Congruit
413 992 508 1018 cum
539 977 702 1018 Aldinis
735 985 776 1017 et
812 979 1110 1031 Stephanianis.

182 1045 364 1099 Gryphii
390 1046 444 1084 V.
473 1046 688 1085 Iuvenalis
735 1047 908 1098 Satyrae
950 1050 1069 1100 apud
1100 1050 1188 1088 Seh.
1218 1048 1466 1100 Gryphium,

68 1113 265 1165 Lugduni
1243 1129 1304 1154 12.
1351 1116 1469 1157 1546.

183 1183 345 1221 Veneta
373 1181 542 1221 XXXI.
569 1181 783 1220 Iuvenalis
811 1197 904 1220 cum
933 1197 1072 1221 comm.
1101 1184 1160 1222 Io.
1203 1185 1466 1228 Britannici,

67 1249 259 1289 venetiis
1246 1251 1317 1289 sol.
1350 1253 1469 1290 1548.

179 1318 440 1356 Memoratur
461 1317 504 1356 in
538 1317 738 1356 Henninii
763 1316 854 1355 Ind.
885 1316 1000 1355 editt.
1030 1317 1196 1366 Iuven.,
1238 1324 1280 1355 et
1306 1319 1470 1356 Veneta

69 1382 192 1423 huius
233 1385 328 1423 anni
371 1399 465 1423 cum
499 1386 710 1437 explanat.
744 1385 829 1422 lod.
865 1385 1002 1422 Badii
1031 1386 1226 1423 Ascensii
1261 1386 1306 1423 in
1343 1385 1470 1424 Catal.

68 1451 176 1491 Bibl.
205 1452 472 1492 Francosurti
502 1452 539 1490 d.
567 1454 604 1491 8.
639 1452 714 1490 Iul.
756 1465 872 1504 1799.
913 1452 1106 1490 venditae
1138 1468 1177 1504 p.
1218 1465 1278 1501 17.
1339 1452 1471 1491 Uter-

69 1513 150 1572 que
197 1527 333 1559 autem
373 1514 691 1558 'commentarius
741 1519 850 1557 sorte
894 1520 1079 1568 iunctus,
1120 1526 1162 1558 et
1208 1519 1308 1559 haec
1342 1520 1469 1560 editio

71 1600 128 1624 ex
162 1587 328 1625 Veneta
356 1586 502 1625 XXX.
526 1601 721 1638 expressa
751 1592 822 1624 est.

183 1654 204 1675 *
230 1653 250 1674 ’⁴'
303 1653 410 1691 Rob.
445 1654 642 1705 Stephani
674 1654 727 1691 II.
768 1655 828 1701 (n.
865 1651 950 1705 69.)
981 1653 1194 1692 Iuvenalis
1215 1662 1254 1692 et
1282 1656 1469 1705 Persius,

68 1717 287 1769 Lutetiae,
319 1735 373 1759 ex
405 1721 470 1759 off.
504 1721 607 1758 Rob.
641 1720 848 1770 Stephani
1279 1725 1315 1762 8.
1351 1725 1470 1775 1549.

182 1789 232 1827 In
251 1787 328 1825 hac
366 1788 494 1826 altera
532 1786 726 1838 Stephani
765 1787 966 1836 editione,
1018 1801 1137 1840 quam
1179 1789 1387 1828 Maittaire
1424 1792 1469 1829 in

70 1854 133 1895 ed.
180 1854 316 1894 Lond.
362 1855 480 1904 1716.
522 1855 720 1902 contulit,
760 1855 882 1893 lectio
924 1861 1070 1906 poetae
1102 1858 1249 1907 passim
1286 1857 1336 1896 ad
1369 1858 1470 1896 alios

68 1923 196 1963 libros
227 1922 477 1975 antiquiores
510 1928 663 1960 mutata
697 1922 915 1973 reperitur.
976 1922 1040 1961 Cf.
1072 1923 1124 1962 ad
1169 1923 1231 1962 ed.
1276 1939 1311 1962 a.
1349 1925 1468 1963 1544.

181 1991 344 2029 Veneta
380 1989 568 2028 XXXII.
598 1989 831 2038 Iuvenalis,
865 1990 1054 2028 Venetiis
1347 1993 1468 2044 1549.

181 2058 202 2080 *
224 2059 244 2079 *
298 2056 559 2096 Frobeniana
591 2055 652 2107 (n.
693 2057 781 2104 80.)
839 2059 981 2096 Persii
999 2058 1172 2108 Satyrae
1209 2073 1300 2096 cum
1327 2073 1468 2097 comm.

67 2125 227 2171 Badii,
273 2126 545 2169 Britannici,
597 2126 769 2164 Plautii
812 2127 860 2164 31.
910 2126 1123 2163 Iuvenalis
1183 2141 1276 2163 cum
1327 2139 1469 2172 comm,

71 2195 321 2233 Britannici
368 2201 406 2231 et
453 2192 624 2231 scholiis
675 2194 887 2242 Curionis,
934 2193 1117 2231 Basileae
1171 2207 1238 2243 ap.
1290 2194 1470 2230 Hieron.

69 2262 319 2299 Bobenium
340 2269 379 2299 et
408 2261 547 2299 Nic-ol.
568 2260 842 2311 Episcopium
1235 2260 1305 2297 sol.
1349 2262 1471 2301 1551·-

180 2328 324 2366 Multis
366 2328 467 2366 locis
507 2328 590 2369 Sat,
623 2328 654 2365 I.
694 2334 736 2366 et
778 2318 831 2365 I'I.
860 2329 1005 2366 collata
1038 2342 1060 2364 a
1093 2327 1256 2364 Beckio.
1287 2327 1383 2365 Vid.
1417 2327 1469 2367 ad

71 2394 272 2433 Venetam
316 2395 349 2434 I.
394 2402 434 2433 et
475 2395 605 2434 Paris.
661 2397 778 2434 1528.
848 2395 970 2433 Nunc
1016 2395 1195 2446 primum
1235 2393 1344 2432 edita
1374 2402 1471 2434 sunt

69 2461 171 2500 haec
220 2460 372 2500 scholia
418 2464 553 2500 Coelii
594 2464 777 2501 Secundi
835 2464 1049 2509 Curionis,
1105 2460 1307 2513 Theologi
1345 2469 1470 2516 atque

68 2528 275 2579 Philologi
307 2530 412 2567 olim
449 2530 688 2580 clarissimi,
738 2532 782 2569 in
824 2544 918 2580 agro
955 2529 1231 2566 Tam-imorum
1274 2544 1307 2567 3.
1351 2531 1469 2568 1503.

71 2597 183 2645 nati,
236 2597 306 2649 qui
339 2596 518 2647 primum
563 2599 609 2636 in
644 2598 785 2646 Italia,
833 2596 981 2634 deinde
1013 2596 1224 2634 Lausanae
1273 2603 1314 2634 et
1348 2596 1471 2634 Basi-

68 2663 157 2702 leae
186 2663 398 2713 motoris,
439 2665 625 2716 Magistri
662 2665 893 2703 liberalium
934 2664 1083 2701 artium
1131 2671 1171 2702 et
1201 2664 1324 2701 ΔΡῙὉὶ.
1365 2664 1469 2716 eloq,

14 2780 16 2782 Ι
70 2736 208 2783 partes
257 2730 350 2782 egit.
423 2730 586 2770 Scholia
624 2732 696 2771 illa
733 2745 862 2783 pauca
902 2737 1062 2769 tantum
1106 2738 1147 2769 ct
1188 2731 1332 2769 brevia
1363 2737 1471 2776 sunt,
