<?xml version="1.0" encoding="UTF-8"?>
<!DOCTYPE html PUBLIC "-//W3C//DTD XHTML 1.0 Transitional//EN"
    "http://www.w3.org/TR/xhtml1/DTD/xhtml1-transitional.dtd">
<html xmlns="http://www.w3.org/1999/xhtml" xml:lang="en" lang="en">
 <head>
  <title>
</title>
<meta http-equiv="Content-Type" content="text/html;charset=utf-8" />
  <meta name='ocr-system' content='tesseract 3.04.00' />
  <meta name='ocr-capabilities' content='ocr_page ocr_carea ocr_par ocr_line ocrx_word'/>
</head>
<body>
  <div class='ocr_page' id='page_1' title='image "./satirae16adoptim01juveuoft/satirae16adoptim01juveuoft_0785.png"; bbox 0 0 1759 3029; ppageno 0'>
   <div class='ocr_carea' id='block_1_1' title="bbox 391 179 1214 222">
    <p class='ocr_par' dir='ltr' id='par_1_1' title="bbox 391 179 1214 222">
     <span class='ocr_line' id='line_1_1' title="bbox 391 179 1214 222; baseline -0.001 -1"><span class='ocrx_word' id='word_1_1' title='bbox 391 180 637 221; x_wconf 87' lang='lat' dir='ltr'>RERVM</span> <span class='ocrx_word' id='word_1_2' title='bbox 677 179 763 219; x_wconf 87' lang='lat' dir='ltr'><strong>ET</strong></span> <span class='ocrx_word' id='word_1_3' title='bbox 811 179 1214 222; x_wconf 88' lang='lat' dir='ltr'>VERBORVM</span> 
     </span>
    </p>
   </div>
   <div class='ocr_carea' id='block_1_2' title="bbox 101 291 768 452">
    <p class='ocr_par' dir='ltr' id='par_1_2' title="bbox 101 291 768 452">
     <span class='ocr_line' id='line_1_2' title="bbox 145 291 766 336; baseline -0.003 -9"><span class='ocrx_word' id='word_1_4' title='bbox 145 291 300 327; x_wconf 79' lang='lat' dir='ltr'><strong>Tabella</strong></span> <span class='ocrx_word' id='word_1_5' title='bbox 350 291 578 326; x_wconf 81' lang='lat' dir='ltr'><strong>conducenda</strong></span> <span class='ocrx_word' id='word_1_6' title='bbox 617 304 766 336; x_wconf 82' lang='lat' dir='ltr'>magnus</span> 
     </span>
     <span class='ocr_line' id='line_1_3' title="bbox 102 350 767 393; baseline 0.002 -10"><span class='ocrx_word' id='word_1_7' title='bbox 102 353 183 383; x_wconf 81' lang='lat' dir='ltr'><strong>civis</strong></span> <span class='ocrx_word' id='word_1_8' title='bbox 206 352 281 384; x_wconf 86' lang='lat' dir='ltr'><strong>obit</strong></span> <span class='ocrx_word' id='word_1_9' title='bbox 303 350 322 384; x_wconf 85' lang='lat'>6</span> <span class='ocrx_word' id='word_1_10' title='bbox 336 376 344 392; x_wconf 91' lang='lat'>‚</span> <span class='ocrx_word' id='word_1_11' title='bbox 371 350 447 384; x_wconf 85' lang='grc'><strong>558.</strong></span> <span class='ocrx_word' id='word_1_12' title='bbox 469 352 563 393; x_wconf 85' lang='lat' dir='ltr'><strong>quali</strong></span> <span class='ocrx_word' id='word_1_13' title='bbox 584 350 690 393; x_wconf 82' lang='lat' dir='ltr'><strong>digna</strong></span> <span class='ocrx_word' id='word_1_14' title='bbox 709 352 767 384; x_wconf 85' lang='lat' dir='ltr'><strong>fa-</strong></span> 
     </span>
     <span class='ocr_line' id='line_1_4' title="bbox 101 407 768 452; baseline 0.004 -13"><span class='ocrx_word' id='word_1_15' title='bbox 101 408 185 440; x_wconf 82' lang='lat' dir='ltr'><strong>cies!</strong></span> <span class='ocrx_word' id='word_1_16' title='bbox 238 419 293 449; x_wconf 83' lang='grc'><strong>10,</strong></span> <span class='ocrx_word' id='word_1_17' title='bbox 343 407 418 452; x_wconf 83' lang='grc'><strong>157.</strong></span> <span class='ocrx_word' id='word_1_18' title='bbox 453 410 565 440; x_wconf 80' lang='lat' dir='ltr'>votiva</span> <span class='ocrx_word' id='word_1_19' title='bbox 601 417 768 442; x_wconf 76' lang='lat' dir='ltr'><strong>testantur</strong></span> 
     </span>
    </p>
   </div>
   <div class='ocr_carea' id='block_1_3' title="bbox 99 466 771 567">
    <p class='ocr_par' dir='ltr' id='par_1_3' title="bbox 99 466 771 567">
     <span class='ocr_line' id='line_1_5' title="bbox 615 466 768 499; baseline 0.013 -2"><span class='ocrx_word' id='word_1_20' title='bbox 615 466 768 499; x_wconf 81' lang='lat' dir='ltr'><strong>tabellae</strong></span> 
     </span>
     <span class='ocr_line' id='line_1_6' title="bbox 99 522 771 567; baseline 0.003 -13"><span class='ocrx_word' id='word_1_21' title='bbox 99 534 242 554; x_wconf 82' lang='lat' dir='ltr'><strong>croccae</strong></span> <span class='ocrx_word' id='word_1_22' title='bbox 285 522 492 554; x_wconf 80' lang='lat' dir='ltr'>membrana</span> <span class='ocrx_word' id='word_1_23' title='bbox 534 524 702 566; x_wconf 76' lang='lat' dir='ltr'><strong>impletur</strong></span> <span class='ocrx_word' id='word_1_24' title='bbox 738 537 771 567; x_wconf 93' lang='lat'><strong>7,</strong></span> 
     </span>
    </p>
   </div>
   <div class='ocr_carea' id='block_1_4' title="bbox 99 465 575 509">
    <p class='ocr_par' dir='ltr' id='par_1_4' title="bbox 99 465 575 509">
     <span class='ocr_line' id='line_1_7' title="bbox 99 465 575 509; baseline 0.002 -13"><span class='ocrx_word' id='word_1_25' title='bbox 99 467 255 508; x_wconf 80' lang='lat' dir='ltr'><strong>plurima</strong></span> <span class='ocrx_word' id='word_1_26' title='bbox 290 465 370 497; x_wconf 84' lang='lat' dir='ltr'>fana</span> <span class='ocrx_word' id='word_1_27' title='bbox 416 475 476 506; x_wconf 81' lang='lat'><strong>12,</strong></span> <span class='ocrx_word' id='word_1_28' title='bbox 521 477 575 509; x_wconf 79' lang='grc'><strong>27.</strong></span> 
     </span>
    </p>
   </div>
   <div class='ocr_carea' id='block_1_5' title="bbox 98 578 774 1016">
    <p class='ocr_par' dir='ltr' id='par_1_5' title="bbox 98 578 774 1016">
     <span class='ocr_line' id='line_1_8' title="bbox 98 578 772 613; baseline 0.004 -3"><span class='ocrx_word' id='word_1_29' title='bbox 98 579 154 611; x_wconf 80' lang='grc'><strong>25.</strong></span> <span class='ocrx_word' id='word_1_30' title='bbox 186 578 336 610; x_wconf 77' lang='lat' dir='ltr'>blandae</span> <span class='ocrx_word' id='word_1_31' title='bbox 362 586 396 610; x_wconf 85' lang='lat' dir='ltr'><strong>et</strong></span> <span class='ocrx_word' id='word_1_32' title='bbox 427 578 589 612; x_wconf 84' lang='lat' dir='ltr'>adsiduae</span> <span class='ocrx_word' id='word_1_33' title='bbox 621 581 772 613; x_wconf 85' lang='lat' dir='ltr'><strong>densae-</strong></span> 
     </span>
     <span class='ocr_line' id='line_1_9' title="bbox 99 637 771 680; baseline 0.007 -14"><span class='ocrx_word' id='word_1_34' title='bbox 99 646 168 676; x_wconf 81' lang='lat' dir='ltr'><strong>que</strong></span> <span class='ocrx_word' id='word_1_35' title='bbox 194 644 224 668; x_wconf 86' lang='lat' dir='ltr'><strong>te</strong></span> <span class='ocrx_word' id='word_1_36' title='bbox 245 637 439 669; x_wconf 78' lang='lat' dir='ltr'><strong>sollicitent</strong></span> <span class='ocrx_word' id='word_1_37' title='bbox 467 648 509 680; x_wconf 82' lang='lat'><strong>9,</strong></span> <span class='ocrx_word' id='word_1_38' title='bbox 539 637 594 670; x_wconf 82' lang='lat'><strong>36.</strong></span> <span class='ocrx_word' id='word_1_39' title='bbox 623 639 771 671; x_wconf 84' lang='lat' dir='ltr'><strong>tabellas</strong></span> 
     </span>
     <span class='ocr_line' id='line_1_10' title="bbox 100 694 772 738; baseline 0.009 -16"><span class='ocrx_word' id='word_1_40' title='bbox 100 703 185 733; x_wconf 86' lang='lat' dir='ltr'>quas</span> <span class='ocrx_word' id='word_1_41' title='bbox 220 694 373 734; x_wconf 83' lang='lat' dir='ltr'><strong>lecture,</strong></span> <span class='ocrx_word' id='word_1_42' title='bbox 418 695 445 726; x_wconf 92' lang='lat' dir='ltr'><strong>si</strong></span> <span class='ocrx_word' id='word_1_43' title='bbox 474 694 539 726; x_wconf 86' lang='lat' dir='ltr'><strong>tibi</strong></span> <span class='ocrx_word' id='word_1_44' title='bbox 570 704 772 738; x_wconf 79' lang='lat' dir='ltr'><strong>retegantur</strong></span> 
     </span>
     <span class='ocr_line' id='line_1_11' title="bbox 100 750 771 798; baseline 0.006 -17"><span class='ocrx_word' id='word_1_45' title='bbox 100 751 228 781; x_wconf 70' lang='lat' dir='ltr'><strong>scrinia</strong></span> <span class='ocrx_word' id='word_1_46' title='bbox 261 750 430 782; x_wconf 83' lang='lat' dir='ltr'><strong>moechae</strong></span> <span class='ocrx_word' id='word_1_47' title='bbox 471 750 513 792; x_wconf 87' lang='grc'><strong>6,</strong></span> <span class='ocrx_word' id='word_1_48' title='bbox 554 763 633 798; x_wconf 83' lang='grc'><strong>277.</strong></span> <span class='ocrx_word' id='word_1_49' title='bbox 666 753 771 785; x_wconf 75' lang='lat' dir='ltr'><strong>salsas</strong></span> 
     </span>
     <span class='ocr_line' id='line_1_12' title="bbox 99 807 774 851; baseline 0.006 -13"><span class='ocrx_word' id='word_1_50' title='bbox 99 808 238 847; x_wconf 64' lang='lat' dir='ltr'><strong>signare</strong></span> <span class='ocrx_word' id='word_1_51' title='bbox 259 809 295 839; x_wconf 86' lang='lat' dir='ltr'><strong>in</strong></span> <span class='ocrx_word' id='word_1_52' title='bbox 327 809 467 851; x_wconf 76' lang='lat' dir='ltr'><strong>templis</strong></span> <span class='ocrx_word' id='word_1_53' title='bbox 490 807 529 848; x_wconf 85' lang='grc'><strong>8,</strong></span> <span class='ocrx_word' id='word_1_54' title='bbox 561 809 635 841; x_wconf 82' lang='grc'><strong>142.</strong></span> <span class='ocrx_word' id='word_1_55' title='bbox 656 809 774 842; x_wconf 81' lang='lat' dir='ltr'><strong>tabel—</strong></span> 
     </span>
     <span class='ocr_line' id='line_1_13' title="bbox 100 863 774 908; baseline 0.01 -15"><span class='ocrx_word' id='word_1_56' title='bbox 100 863 144 894; x_wconf 77' lang='lat' dir='ltr'><strong>lis</strong></span> <span class='ocrx_word' id='word_1_57' title='bbox 167 864 335 905; x_wconf 70' lang='lat' dir='ltr'>legitimis</span> <span class='ocrx_word' id='word_1_58' title='bbox 355 865 417 896; x_wconf 83' lang='lat' dir='ltr'><strong>tibi</strong></span> <span class='ocrx_word' id='word_1_59' title='bbox 439 874 575 908; x_wconf 82' lang='lat' dir='ltr'>pactam</span> <span class='ocrx_word' id='word_1_60' title='bbox 596 868 774 899; x_wconf 77' lang='lat' dir='ltr'>iunctanl—</span> 
     </span>
     <span class='ocr_line' id='line_1_14' title="bbox 99 919 238 961; baseline 0.007 -12"><span class='ocrx_word' id='word_1_61' title='bbox 99 930 168 961; x_wconf 74' lang='lat' dir='ltr'><strong>que</strong></span> <span class='ocrx_word' id='word_1_62' title='bbox 199 919 238 958; x_wconf 74' lang='lat' dir='ltr'><strong>f),</strong></span> 
     </span>
     <span class='ocr_line' id='line_1_15' title="bbox 99 975 146 1016; baseline 0 0"><span class='ocrx_word' id='word_1_63' title='bbox 99 975 146 1016; x_wconf 74' lang='lat' dir='ltr'><strong>fi,</strong></span> 
     </span>
    </p>
   </div>
   <div class='ocr_carea' id='block_1_6' title="bbox 99 1036 774 1076">
    <p class='ocr_par' dir='ltr' id='par_1_6' title="bbox 99 1036 774 1076">
     <span class='ocr_line' id='line_1_16' title="bbox 99 1036 774 1076; baseline 0.006 -12"><span class='ocrx_word' id='word_1_64' title='bbox 99 1041 173 1065; x_wconf 65' lang='lat' dir='ltr'>tota</span> <span class='ocrx_word' id='word_1_65' title='bbox 204 1036 360 1076; x_wconf 61' lang='lat' dir='ltr'><strong>perticus</strong></span> <span class='ocrx_word' id='word_1_66' title='bbox 392 1047 449 1074; x_wconf 79' lang='grc'><strong>12,</strong></span> <span class='ocrx_word' id='word_1_67' title='bbox 490 1045 563 1067; x_wconf 87' lang='grc'><strong>100.</strong></span> <span class='ocrx_word' id='word_1_68' title='bbox 586 1037 685 1068; x_wconf 80' lang='lat' dir='ltr'><strong>lectis</strong></span> <span class='ocrx_word' id='word_1_69' title='bbox 708 1037 774 1068; x_wconf 85' lang='lat' dir='ltr'><strong>de-</strong></span> 
     </span>
    </p>
   </div>
   <div class='ocr_carea' id='block_1_7' title="bbox 204 923 774 1020">
    <p class='ocr_par' dir='ltr' id='par_1_7' title="bbox 204 923 774 1013">
     <span class='ocr_line' id='line_1_17' title="bbox 273 923 774 967; baseline 0.006 -15"><span class='ocrx_word' id='word_1_70' title='bbox 273 932 349 954; x_wconf 80' lang='lat' dir='ltr'><strong>:·oo.</strong></span> <span class='ocrx_word' id='word_1_71' title='bbox 380 923 495 954; x_wconf 78' lang='lat' dir='ltr'><strong>missis</strong></span> <span class='ocrx_word' id='word_1_72' title='bbox 522 935 541 954; x_wconf 91' lang='lat' dir='ltr'>a</span> <span class='ocrx_word' id='word_1_73' title='bbox 569 932 774 967; x_wconf 76' lang='lat' dir='ltr'>corruptore</span> 
     </span>
     <span class='ocr_line' id='line_1_18' title="bbox 204 977 774 1020; baseline 0.009 -12"><span class='ocrx_word' id='word_1_74' title='bbox 204 977 391 1010; x_wconf 47' lang='lat' dir='ltr'><strong>2551fixis</strong></span> <span class='ocrx_word' id='word_1_75' title='bbox 432 979 592 1020; x_wconf 74' lang='lat' dir='ltr'><strong>legitime</strong></span> <span class='ocrx_word' id='word_1_76' title='bbox 630 982 774 1013; x_wconf 65' lang='lat' dir='ltr'><strong>vestitm</strong></span> 
     </span>
    </p>
   </div>
   <div class='ocr_carea' id='block_1_8' title="bbox 90 1091 775 1304">
    <p class='ocr_par' dir='ltr' id='par_1_8' title="bbox 90 1091 774 1138">
     <span class='ocr_line' id='line_1_19' title="bbox 90 1091 774 1138; baseline 0.006 -16"><span class='ocrx_word' id='word_1_77' title='bbox 90 1092 170 1131; x_wconf 61' lang='lat' dir='ltr'><strong>xcies</strong></span> <span class='ocrx_word' id='word_1_78' title='bbox 200 1091 334 1123; x_wconf 73' lang='lat' dir='ltr'><strong>diversa</strong></span> <span class='ocrx_word' id='word_1_79' title='bbox 364 1100 461 1133; x_wconf 70' lang='lat' dir='ltr'><strong>pane</strong></span> <span class='ocrx_word' id='word_1_80' title='bbox 493 1104 577 1124; x_wconf 82' lang='lat' dir='ltr'>vana</span> <span class='ocrx_word' id='word_1_81' title='bbox 605 1105 774 1138; x_wconf 83' lang='lat' dir='ltr'><strong>superva-</strong></span> 
     </span>
    </p>

    <p class='ocr_par' dir='ltr' id='par_1_9' title="bbox 93 1147 348 1186">
     <span class='ocr_line' id='line_1_20' title="bbox 93 1147 348 1186; baseline -0.004 -6"><span class='ocrx_word' id='word_1_82' title='bbox 93 1149 158 1186; x_wconf 78' lang='lat' dir='ltr'><strong>‚cui</strong></span> <span class='ocrx_word' id='word_1_83' title='bbox 225 1147 348 1180; x_wconf 83' lang='lat' dir='ltr'><strong>dicunt</strong></span> 
     </span>
    </p>

    <p class='ocr_par' dir='ltr' id='par_1_10' title="bbox 104 1204 775 1304">
     <span class='ocr_line' id='line_1_21' title="bbox 104 1204 274 1245; baseline 0 -9"><span class='ocrx_word' id='word_1_84' title='bbox 104 1204 169 1245; x_wconf 83' lang='grc'><strong>15,</strong></span> <span class='ocrx_word' id='word_1_85' title='bbox 200 1204 274 1238; x_wconf 82' lang='grc'><strong>156.</strong></span> 
     </span>
     <span class='ocr_line' id='line_1_22' title="bbox 153 1259 775 1304; baseline 0.002 -11"><span class='ocrx_word' id='word_1_86' title='bbox 153 1259 322 1293; x_wconf 83' lang='lat' dir='ltr'><em>Taberna</em></span> <span class='ocrx_word' id='word_1_87' title='bbox 356 1261 524 1304; x_wconf 84' lang='lat' dir='ltr'>Liparaea</span> <span class='ocrx_word' id='word_1_88' title='bbox 553 1261 614 1301; x_wconf 68' lang='grc' dir='ltr'><strong>Ἰ5,</strong></span> <span class='ocrx_word' id='word_1_89' title='bbox 639 1260 696 1294; x_wconf 85' lang='grc'><strong>45.</strong></span> <span class='ocrx_word' id='word_1_90' title='bbox 719 1270 775 1293; x_wconf 80' lang='lat' dir='ltr'>ta-</span> 
     </span>
    </p>
   </div>
   <div class='ocr_carea' id='block_1_9' title="bbox 407 1149 774 1193">
    <p class='ocr_par' dir='ltr' id='par_1_11' title="bbox 407 1149 774 1193">
     <span class='ocr_line' id='line_1_23' title="bbox 407 1149 774 1193; baseline 0.008 -14"><span class='ocrx_word' id='word_1_91' title='bbox 407 1149 637 1192; x_wconf 78' lang='lat' dir='ltr'>chirographa</span> <span class='ocrx_word' id='word_1_92' title='bbox 683 1152 774 1193; x_wconf 77' lang='lat' dir='ltr'><strong>ligni</strong></span> 
     </span>
    </p>
   </div>
   <div class='ocr_carea' id='block_1_10' title="bbox 96 1316 792 2733">
    <p class='ocr_par' dir='ltr' id='par_1_12' title="bbox 96 1316 778 1586">
     <span class='ocr_line' id='line_1_24' title="bbox 102 1316 775 1361; baseline -0.001 -11"><span class='ocrx_word' id='word_1_93' title='bbox 102 1316 233 1350; x_wconf 80' lang='lat' dir='ltr'><strong>hernae</strong></span> <span class='ocrx_word' id='word_1_94' title='bbox 255 1321 411 1361; x_wconf 87' lang='lat' dir='ltr'><strong>quinque</strong></span> <span class='ocrx_word' id='word_1_95' title='bbox 431 1317 683 1360; x_wconf 84' lang='lat' dir='ltr'>quadringenta</span> <span class='ocrx_word' id='word_1_96' title='bbox 708 1330 775 1361; x_wconf 86' lang='lat' dir='ltr'>pa·-</span> 
     </span>
     <span class='ocr_line' id='line_1_25' title="bbox 99 1375 776 1415; baseline -0.004 -7"><span class='ocrx_word' id='word_1_97' title='bbox 99 1384 183 1408; x_wconf 65' lang='lat' dir='ltr'>saut</span> <span class='ocrx_word' id='word_1_98' title='bbox 212 1388 223 1408; x_wconf 86' lang='lat'><strong>1</strong></span> <span class='ocrx_word' id='word_1_99' title='bbox 238 1401 247 1415; x_wconf 94' lang='lat'><em>,</em></span> <span class='ocrx_word' id='word_1_100' title='bbox 274 1375 349 1408; x_wconf 87' lang='grc'><strong>105.</strong></span> <span class='ocrx_word' id='word_1_101' title='bbox 369 1375 560 1407; x_wconf 87' lang='lat' dir='ltr'><strong>domiuum</strong></span> <span class='ocrx_word' id='word_1_102' title='bbox 581 1383 776 1406; x_wconf 78' lang='lat' dir='ltr'>monstrare</span> 
     </span>
     <span class='ocr_line' id='line_1_26' title="bbox 103 1431 778 1475; baseline 0 -11"><span class='ocrx_word' id='word_1_103' title='bbox 103 1444 148 1464; x_wconf 88' lang='lat' dir='ltr'><strong>ne</strong></span> <span class='ocrx_word' id='word_1_104' title='bbox 169 1431 300 1475; x_wconf 84' lang='lat' dir='ltr'>pudeat</span> <span class='ocrx_word' id='word_1_105' title='bbox 317 1443 356 1473; x_wconf 85' lang='lat'><strong>2,</strong></span> <span class='ocrx_word' id='word_1_106' title='bbox 391 1432 448 1463; x_wconf 82' lang='lat'><strong>42.</strong></span> <span class='ocrx_word' id='word_1_107' title='bbox 477 1439 653 1464; x_wconf 73' lang='lat' dir='ltr'><strong>catenatae</strong></span> <span class='ocrx_word' id='word_1_108' title='bbox 674 1442 778 1464; x_wconf 87' lang='lat' dir='ltr'><strong>com—</strong></span> 
     </span>
     <span class='ocr_line' id='line_1_27' title="bbox 96 1489 775 1533; baseline 0 -13"><span class='ocrx_word' id='word_1_109' title='bbox 96 1500 193 1533; x_wconf 65' lang='lat' dir='ltr'>page</span> <span class='ocrx_word' id='word_1_110' title='bbox 224 1490 268 1532; x_wconf 75' lang='grc'><strong>5,</strong></span> <span class='ocrx_word' id='word_1_111' title='bbox 292 1489 371 1523; x_wconf 75' lang='lat'><strong>504.</strong></span> <span class='ocrx_word' id='word_1_112' title='bbox 404 1489 508 1521; x_wconf 84' lang='lat' dir='ltr'><strong>unius</strong></span> <span class='ocrx_word' id='word_1_113' title='bbox 529 1489 715 1522; x_wconf 82' lang='lat' dir='ltr'><strong>domiuum</strong></span> <span class='ocrx_word' id='word_1_114' title='bbox 736 1500 775 1520; x_wconf 86' lang='lat' dir='ltr'><strong>se</strong></span> 
     </span>
     <span class='ocr_line' id='line_1_28' title="bbox 105 1546 403 1586; baseline -0.007 -8"><span class='ocrx_word' id='word_1_115' title='bbox 105 1546 230 1579; x_wconf 85' lang='lat' dir='ltr'><strong>fecisse</strong></span> <span class='ocrx_word' id='word_1_116' title='bbox 254 1547 297 1586; x_wconf 82' lang='grc'><strong>5,</strong></span> <span class='ocrx_word' id='word_1_117' title='bbox 324 1546 403 1578; x_wconf 79' lang='grc'><strong>251.</strong></span> 
     </span>
    </p>

    <p class='ocr_par' dir='ltr' id='par_1_13' title="bbox 101 1599 792 2733">
     <span class='ocr_line' id='line_1_29' title="bbox 159 1599 777 1645; baseline -0.005 -10"><span class='ocrx_word' id='word_1_118' title='bbox 159 1602 304 1636; x_wconf 81' lang='lat' dir='ltr'>Tabula</span> <span class='ocrx_word' id='word_1_119' title='bbox 333 1603 556 1645; x_wconf 79' lang='lat' dir='ltr'><strong>distinguitur</strong></span> <span class='ocrx_word' id='word_1_120' title='bbox 588 1600 682 1634; x_wconf 83' lang='lat' dir='ltr'>unda</span> <span class='ocrx_word' id='word_1_121' title='bbox 725 1599 777 1641; x_wconf 80' lang='grc'><strong>14,</strong></span> 
     </span>
     <span class='ocr_line' id='line_1_30' title="bbox 106 1647 777 1704; baseline -0.009 -10"><span class='ocrx_word' id='word_1_122' title='bbox 106 1659 186 1704; x_wconf 77' lang='grc'><strong>289.</strong></span> <span class='ocrx_word' id='word_1_123' title='bbox 215 1663 352 1701; x_wconf 82' lang='lat' dir='ltr'><strong>generis</strong></span> <span class='ocrx_word' id='word_1_124' title='bbox 381 1647 499 1704; x_wconf 68' lang='lat' dir='ltr'><strong>capaci</strong></span> <span class='ocrx_word' id='word_1_125' title='bbox 529 1662 654 1692; x_wconf 83' lang='lat' dir='ltr'>iactare</span> <span class='ocrx_word' id='word_1_126' title='bbox 685 1656 777 1689; x_wconf 90' lang='lat' dir='ltr'>Cor-</span> 
     </span>
     <span class='ocr_line' id='line_1_31' title="bbox 101 1714 779 1756; baseline -0.006 -6"><span class='ocrx_word' id='word_1_127' title='bbox 101 1719 228 1750; x_wconf 74' lang='lat' dir='ltr'><strong>vinum.</strong></span> <span class='ocrx_word' id='word_1_128' title='bbox 259 1716 303 1756; x_wconf 87' lang='lat'><strong>8,</strong></span> <span class='ocrx_word' id='word_1_129' title='bbox 337 1718 379 1750; x_wconf 81' lang='grc'><strong>6.</strong></span> <span class='ocrx_word' id='word_1_130' title='bbox 401 1729 483 1748; x_wconf 83' lang='lat' dir='ltr'><strong>cum</strong></span> <span class='ocrx_word' id='word_1_131' title='bbox 515 1717 637 1748; x_wconf 84' lang='lat' dir='ltr'>tabula</span> <span class='ocrx_word' id='word_1_132' title='bbox 664 1714 779 1753; x_wconf 78' lang='lat' dir='ltr'>adsint</span> 
     </span>
     <span class='ocr_line' id='line_1_32' title="bbox 111 1774 780 1818; baseline -0.001 -12"><span class='ocrx_word' id='word_1_133' title='bbox 111 1776 212 1818; x_wconf 82' lang='lat' dir='ltr'><strong>pueri</strong></span> <span class='ocrx_word' id='word_1_134' title='bbox 252 1782 285 1806; x_wconf 86' lang='lat' dir='ltr'><strong>et</strong></span> <span class='ocrx_word' id='word_1_135' title='bbox 313 1782 462 1817; x_wconf 83' lang='lat' dir='ltr'>ponatur</span> <span class='ocrx_word' id='word_1_136' title='bbox 483 1774 639 1809; x_wconf 80' lang='lat' dir='ltr'><strong>calculus</strong></span> <span class='ocrx_word' id='word_1_137' title='bbox 658 1784 699 1817; x_wconf 84' lang='lat'><strong>9,</strong></span> <span class='ocrx_word' id='word_1_138' title='bbox 723 1774 780 1805; x_wconf 81' lang='lat'><strong>41.</strong></span> 
     </span>
     <span class='ocr_line' id='line_1_33' title="bbox 108 1829 779 1873; baseline -0.001 -10"><span class='ocrx_word' id='word_1_139' title='bbox 108 1832 250 1867; x_wconf 79' lang='lat' dir='ltr'>tabulae</span> <span class='ocrx_word' id='word_1_140' title='bbox 281 1833 454 1873; x_wconf 77' lang='lat' dir='ltr'>signatae,</span> <span class='ocrx_word' id='word_1_141' title='bbox 483 1830 620 1862; x_wconf 82' lang='lat' dir='ltr'><strong>dictum</strong></span> <span class='ocrx_word' id='word_1_142' title='bbox 644 1829 779 1862; x_wconf 81' lang='lat' dir='ltr'><strong>Feliei—</strong></span> 
     </span>
     <span class='ocr_line' id='line_1_34' title="bbox 108 1887 780 1930; baseline -0.004 -9"><span class='ocrx_word' id='word_1_143' title='bbox 108 1888 186 1921; x_wconf 85' lang='lat' dir='ltr'><strong>ter!</strong></span> <span class='ocrx_word' id='word_1_144' title='bbox 223 1890 349 1930; x_wconf 83' lang='lat' dir='ltr'><strong>ingens</strong></span> <span class='ocrx_word' id='word_1_145' title='bbox 379 1900 486 1920; x_wconf 83' lang='lat' dir='ltr'><strong>coena</strong></span> <span class='ocrx_word' id='word_1_146' title='bbox 511 1887 609 1919; x_wconf 81' lang='lat' dir='ltr'><strong>sedet</strong></span> <span class='ocrx_word' id='word_1_147' title='bbox 635 1898 676 1928; x_wconf 84' lang='lat'><strong>2,</strong></span> <span class='ocrx_word' id='word_1_148' title='bbox 704 1897 780 1930; x_wconf 83' lang='grc'><strong>119.</strong></span> 
     </span>
     <span class='ocr_line' id='line_1_35' title="bbox 110 1944 781 1978; baseline 0 -2"><span class='ocrx_word' id='word_1_149' title='bbox 110 1944 155 1977; x_wconf 86' lang='lat' dir='ltr'>ad</span> <span class='ocrx_word' id='word_1_150' title='bbox 175 1956 295 1977; x_wconf 83' lang='lat' dir='ltr'><strong>casum</strong></span> <span class='ocrx_word' id='word_1_151' title='bbox 327 1958 399 1978; x_wconf 84' lang='lat' dir='ltr'><strong>non</strong></span> <span class='ocrx_word' id='word_1_152' title='bbox 430 1945 558 1977; x_wconf 84' lang='lat' dir='ltr'><strong>loculis</strong></span> <span class='ocrx_word' id='word_1_153' title='bbox 575 1945 781 1976; x_wconf 74' lang='lat' dir='ltr'><strong>comitanti-</strong></span> 
     </span>
     <span class='ocr_line' id='line_1_36' title="bbox 109 2001 782 2046; baseline -0.003 -11"><span class='ocrx_word' id='word_1_154' title='bbox 109 2003 178 2035; x_wconf 82' lang='lat' dir='ltr'><strong>bus</strong></span> <span class='ocrx_word' id='word_1_155' title='bbox 209 2004 299 2043; x_wconf 85' lang='lat' dir='ltr'><strong>itur,</strong></span> <span class='ocrx_word' id='word_1_156' title='bbox 331 2003 443 2046; x_wconf 81' lang='lat' dir='ltr'><strong>posita</strong></span> <span class='ocrx_word' id='word_1_157' title='bbox 461 2001 523 2034; x_wconf 84' lang='lat' dir='ltr'><strong>sed</strong></span> <span class='ocrx_word' id='word_1_158' title='bbox 552 2001 688 2034; x_wconf 80' lang='lat' dir='ltr'>luditur</span> <span class='ocrx_word' id='word_1_159' title='bbox 705 2013 782 2033; x_wconf 76' lang='lat' dir='ltr'>arca</span> 
     </span>
     <span class='ocr_line' id='line_1_37' title="bbox 113 2058 783 2103; baseline 0.001 -13"><span class='ocrx_word' id='word_1_160' title='bbox 113 2070 129 2093; x_wconf 84' lang='lat'>1</span> <span class='ocrx_word' id='word_1_161' title='bbox 146 2085 156 2101; x_wconf 83' lang='lat'><em>‚</em></span> <span class='ocrx_word' id='word_1_162' title='bbox 189 2071 245 2103; x_wconf 80' lang='grc'><strong>90.</strong></span> <span class='ocrx_word' id='word_1_163' title='bbox 281 2061 316 2092; x_wconf 83' lang='lat' dir='ltr'><strong>in</strong></span> <span class='ocrx_word' id='word_1_164' title='bbox 350 2058 511 2090; x_wconf 86' lang='lat' dir='ltr'>tabulam</span> <span class='ocrx_word' id='word_1_165' title='bbox 534 2058 654 2096; x_wconf 78' lang='lat' dir='ltr'><strong>Sullae</strong></span> <span class='ocrx_word' id='word_1_166' title='bbox 674 2060 703 2091; x_wconf 86' lang='lat' dir='ltr'><strong>si</strong></span> <span class='ocrx_word' id='word_1_167' title='bbox 723 2058 783 2091; x_wconf 86' lang='lat' dir='ltr'><strong>di-</strong></span> 
     </span>
     <span class='ocr_line' id='line_1_38' title="bbox 111 2116 783 2160; baseline -0.003 -10"><span class='ocrx_word' id='word_1_168' title='bbox 111 2125 193 2150; x_wconf 81' lang='lat' dir='ltr'>cant</span> <span class='ocrx_word' id='word_1_169' title='bbox 222 2116 385 2160; x_wconf 84' lang='lat' dir='ltr'><strong>discipuli</strong></span> <span class='ocrx_word' id='word_1_170' title='bbox 411 2124 499 2157; x_wconf 82' lang='lat' dir='ltr'><strong>tres,</strong></span> <span class='ocrx_word' id='word_1_171' title='bbox 532 2117 609 2159; x_wconf 79' lang='lat' dir='ltr'><strong>quis</strong></span> <span class='ocrx_word' id='word_1_172' title='bbox 637 2116 783 2150; x_wconf 73' lang='lat' dir='ltr'><strong>tulerit?</strong></span> 
     </span>
     <span class='ocr_line' id='line_1_39' title="bbox 103 2174 784 2216; baseline 0 -9"><span class='ocrx_word' id='word_1_173' title='bbox 103 2186 136 2210; x_wconf 80' lang='grc'><strong>,2</strong></span> <span class='ocrx_word' id='word_1_174' title='bbox 155 2199 167 2216; x_wconf 88' lang='grc'><strong>,</strong></span> <span class='ocrx_word' id='word_1_175' title='bbox 195 2174 250 2207; x_wconf 88' lang='grc'><strong>28.</strong></span> <span class='ocrx_word' id='word_1_176' title='bbox 280 2175 417 2206; x_wconf 81' lang='lat' dir='ltr'>tabulas</span> <span class='ocrx_word' id='word_1_177' title='bbox 447 2174 610 2216; x_wconf 86' lang='lat' dir='ltr'><strong>implevit</strong></span> <span class='ocrx_word' id='word_1_178' title='bbox 628 2176 705 2206; x_wconf 86' lang='lat' dir='ltr'><strong>solo</strong></span> <span class='ocrx_word' id='word_1_179' title='bbox 733 2175 784 2207; x_wconf 86' lang='lat' dir='ltr'><strong>li-</strong></span> 
     </span>
     <span class='ocr_line' id='line_1_40' title="bbox 111 2229 784 2273; baseline 0.001 -9"><span class='ocrx_word' id='word_1_180' title='bbox 111 2232 213 2265; x_wconf 85' lang='lat' dir='ltr'><strong>berto</strong></span> <span class='ocrx_word' id='word_1_181' title='bbox 232 2245 274 2273; x_wconf 74' lang='grc'><strong>2,</strong></span> <span class='ocrx_word' id='word_1_182' title='bbox 301 2229 355 2264; x_wconf 88' lang='grc'><strong>58.</strong></span> <span class='ocrx_word' id='word_1_183' title='bbox 376 2232 542 2273; x_wconf 84' lang='lat' dir='ltr'><strong>impleret</strong></span> <span class='ocrx_word' id='word_1_184' title='bbox 555 2230 700 2264; x_wconf 78' lang='lat' dir='ltr'><strong>decolor</strong></span> <span class='ocrx_word' id='word_1_185' title='bbox 718 2232 784 2265; x_wconf 86' lang='lat' dir='ltr'><strong>he-</strong></span> 
     </span>
     <span class='ocr_line' id='line_1_41' title="bbox 113 2288 785 2332; baseline 0 -11"><span class='ocrx_word' id='word_1_186' title='bbox 113 2301 169 2323; x_wconf 81' lang='lat' dir='ltr'><strong>res</strong></span> <span class='ocrx_word' id='word_1_187' title='bbox 189 2288 209 2326; x_wconf 80' lang='lat'><strong>6</strong></span> <span class='ocrx_word' id='word_1_188' title='bbox 225 2314 234 2329; x_wconf 86' lang='lat'>,</span> <span class='ocrx_word' id='word_1_189' title='bbox 260 2291 337 2322; x_wconf 71' lang='lat'><strong>(³01.</strong></span> <span class='ocrx_word' id='word_1_190' title='bbox 362 2300 501 2330; x_wconf 82' lang='lat' dir='ltr'><strong>quoque</strong></span> <span class='ocrx_word' id='word_1_191' title='bbox 513 2299 653 2332; x_wconf 83' lang='lat' dir='ltr'>ruperat</span> <span class='ocrx_word' id='word_1_192' title='bbox 670 2292 785 2324; x_wconf 86' lang='lat' dir='ltr'><strong>etiam</strong></span> 
     </span>
     <span class='ocr_line' id='line_1_42' title="bbox 117 2344 787 2389; baseline 0.001 -11"><span class='ocrx_word' id='word_1_193' title='bbox 117 2345 279 2389; x_wconf 78' lang='lat' dir='ltr'>signabat</span> <span class='ocrx_word' id='word_1_194' title='bbox 315 2357 354 2389; x_wconf 89' lang='grc'><strong>9,</strong></span> <span class='ocrx_word' id='word_1_195' title='bbox 377 2344 432 2388; x_wconf 81' lang='grc'><strong>75.</strong></span> <span class='ocrx_word' id='word_1_196' title='bbox 462 2345 612 2388; x_wconf 83' lang='lat' dir='ltr'><strong>delebit,</strong></span> <span class='ocrx_word' id='word_1_197' title='bbox 634 2349 663 2380; x_wconf 86' lang='lat' dir='ltr'><strong>si</strong></span> <span class='ocrx_word' id='word_1_198' title='bbox 682 2347 787 2379; x_wconf 88' lang='lat' dir='ltr'><strong>Libi-</strong></span> 
     </span>
     <span class='ocr_line' id='line_1_43' title="bbox 119 2403 788 2448; baseline 0.004 -13"><span class='ocrx_word' id='word_1_199' title='bbox 119 2405 234 2435; x_wconf 79' lang='lat' dir='ltr'>tinam</span> <span class='ocrx_word' id='word_1_200' title='bbox 250 2403 395 2434; x_wconf 76' lang='lat' dir='ltr'><strong>evaserit</strong></span> <span class='ocrx_word' id='word_1_201' title='bbox 416 2413 517 2444; x_wconf 80' lang='lat' dir='ltr'>aeger</span> <span class='ocrx_word' id='word_1_202' title='bbox 539 2415 597 2445; x_wconf 84' lang='lat'><strong>12,</strong></span> <span class='ocrx_word' id='word_1_203' title='bbox 624 2405 700 2437; x_wconf 80' lang='lat'><strong>125.</strong></span> <span class='ocrx_word' id='word_1_204' title='bbox 710 2413 788 2448; x_wconf 85' lang='lat' dir='ltr'><strong>post</strong></span> 
     </span>
     <span class='ocr_line' id='line_1_44' title="bbox 119 2460 789 2502; baseline 0.003 -9"><span class='ocrx_word' id='word_1_205' title='bbox 119 2460 205 2493; x_wconf 81' lang='lat' dir='ltr'><strong>haec</strong></span> <span class='ocrx_word' id='word_1_206' title='bbox 236 2466 374 2491; x_wconf 84' lang='lat' dir='ltr'>mutare</span> <span class='ocrx_word' id='word_1_207' title='bbox 403 2460 540 2502; x_wconf 82' lang='lat' dir='ltr'>parabis</span> <span class='ocrx_word' id='word_1_208' title='bbox 570 2461 635 2502; x_wconf 77' lang='grc'><strong>14,</strong></span> <span class='ocrx_word' id='word_1_209' title='bbox 657 2461 713 2495; x_wconf 86' lang='grc'><strong>55.</strong></span> <span class='ocrx_word' id='word_1_210' title='bbox 732 2471 789 2494; x_wconf 87' lang='lat' dir='ltr'>ta·-</span> 
     </span>
     <span class='ocr_line' id='line_1_45' title="bbox 119 2515 789 2559; baseline 0.003 -10"><span class='ocrx_word' id='word_1_211' title='bbox 119 2515 217 2549; x_wconf 76' lang='grc' dir='ltr'><strong>1111Ῑὶ5</strong></span> <span class='ocrx_word' id='word_1_212' title='bbox 246 2516 378 2557; x_wconf 79' lang='lat' dir='ltr'><strong>exiguis</strong></span> <span class='ocrx_word' id='word_1_213' title='bbox 411 2526 443 2549; x_wconf 88' lang='lat' dir='ltr'><strong>et</strong></span> <span class='ocrx_word' id='word_1_214' title='bbox 483 2529 625 2559; x_wconf 82' lang='lat' dir='ltr'><strong>gemma</strong></span> <span class='ocrx_word' id='word_1_215' title='bbox 658 2518 725 2551; x_wconf 91' lang='lat' dir='ltr'>uda</span> <span class='ocrx_word' id='word_1_216' title='bbox 752 2531 789 2551; x_wconf 86' lang='lat' dir='ltr'><strong>se</strong></span> 
     </span>
     <span class='ocr_line' id='line_1_46' title="bbox 118 2572 789 2618; baseline 0.004 -12"><span class='ocrx_word' id='word_1_217' title='bbox 118 2574 259 2606; x_wconf 86' lang='lat' dir='ltr'>lautum</span> <span class='ocrx_word' id='word_1_218' title='bbox 291 2572 421 2605; x_wconf 79' lang='lat' dir='ltr'><strong>fecerat</strong></span> <span class='ocrx_word' id='word_1_219' title='bbox 441 2581 474 2605; x_wconf 92' lang='lat' dir='ltr'><strong>et</strong></span> <span class='ocrx_word' id='word_1_220' title='bbox 503 2573 648 2608; x_wconf 84' lang='lat' dir='ltr'>beatum</span> <span class='ocrx_word' id='word_1_221' title='bbox 678 2586 706 2618; x_wconf 86' lang='lat'><strong>1,</strong></span> <span class='ocrx_word' id='word_1_222' title='bbox 733 2575 789 2609; x_wconf 83' lang='lat'><strong>68.</strong></span> 
     </span>
     <span class='ocr_line' id='line_1_47' title="bbox 120 2629 789 2677; baseline 0.004 -16"><span class='ocrx_word' id='word_1_223' title='bbox 120 2629 295 2665; x_wconf 84' lang='lat' dir='ltr'><strong>Parrhasii</strong></span> <span class='ocrx_word' id='word_1_224' title='bbox 319 2630 359 2670; x_wconf 86' lang='lat'><strong>8,</strong></span> <span class='ocrx_word' id='word_1_225' title='bbox 390 2642 463 2663; x_wconf 77' lang='grc'><strong>102.</strong></span> <span class='ocrx_word' id='word_1_226' title='bbox 482 2632 518 2663; x_wconf 83' lang='lat' dir='ltr'><strong>in</strong></span> <span class='ocrx_word' id='word_1_227' title='bbox 536 2633 665 2666; x_wconf 83' lang='lat' dir='ltr'><strong>tabulis</strong></span> <span class='ocrx_word' id='word_1_228' title='bbox 684 2645 789 2677; x_wconf 85' lang='lat' dir='ltr'><strong>prae-</strong></span> 
     </span>
     <span class='ocr_line' id='line_1_48' title="bbox 119 2689 792 2733; baseline 0.006 -12"><span class='ocrx_word' id='word_1_229' title='bbox 119 2689 261 2733; x_wconf 84' lang='lat' dir='ltr'><strong>cipuam</strong></span> <span class='ocrx_word' id='word_1_230' title='bbox 291 2697 407 2721; x_wconf 82' lang='lat' dir='ltr'><strong>ceram</strong></span> <span class='ocrx_word' id='word_1_231' title='bbox 433 2690 524 2721; x_wconf 82' lang='lat' dir='ltr'><strong>senis</strong></span> <span class='ocrx_word' id='word_1_232' title='bbox 552 2689 697 2725; x_wconf 76' lang='lat' dir='ltr'><strong>abstulit</strong></span> <span class='ocrx_word' id='word_1_233' title='bbox 713 2691 792 2725; x_wconf 85' lang='lat' dir='ltr'><strong>orbi</strong></span> 
     </span>
    </p>
   </div>
   <div class='ocr_carea' id='block_1_11' title="bbox 120 2744 246 2790">
    <p class='ocr_par' dir='ltr' id='par_1_14' title="bbox 120 2744 246 2790">
     <span class='ocr_line' id='line_1_49' title="bbox 120 2744 246 2790; baseline -0.016 -10"><span class='ocrx_word' id='word_1_234' title='bbox 120 2744 165 2788; x_wconf 74' lang='lat'><strong>4,</strong></span> <span class='ocrx_word' id='word_1_235' title='bbox 192 2755 246 2790; x_wconf 82' lang='grc'><strong>19.</strong></span> 
     </span>
    </p>
   </div>
   <div class='ocr_carea' id='block_1_12' title="bbox 1409 179 1493 224">
    <p class='ocr_par' dir='ltr' id='par_1_15' title="bbox 1409 179 1493 224">
     <span class='ocr_line' id='line_1_50' title="bbox 1409 179 1493 224; baseline -0.012 0"><span class='ocrx_word' id='word_1_236' title='bbox 1409 179 1493 224; x_wconf 87' lang='lat'><strong>555</strong></span> 
     </span>
    </p>
   </div>
   <div class='ocr_carea' id='block_1_13' title="bbox 821 290 1509 1534">
    <p class='ocr_par' dir='ltr' id='par_1_16' title="bbox 823 290 1494 449">
     <span class='ocr_line' id='line_1_51' title="bbox 869 290 1494 326; baseline 0.003 -2"><span class='ocrx_word' id='word_1_237' title='bbox 869 290 1058 326; x_wconf 78' lang='lat' dir='ltr'><strong>Tabulata</strong></span> <span class='ocrx_word' id='word_1_238' title='bbox 1089 293 1154 325; x_wconf 80' lang='lat' dir='ltr'><strong>tihi</strong></span> <span class='ocrx_word' id='word_1_239' title='bbox 1190 294 1262 326; x_wconf 83' lang='lat' dir='ltr'><strong>iam</strong></span> <span class='ocrx_word' id='word_1_240' title='bbox 1302 294 1403 325; x_wconf 81' lang='lat' dir='ltr'>tertia</span> <span class='ocrx_word' id='word_1_241' title='bbox 1432 293 1494 326; x_wconf 79' lang='lat' dir='ltr'><strong>su-</strong></span> 
     </span>
     <span class='ocr_line' id='line_1_52' title="bbox 823 350 1494 394; baseline 0.004 -13"><span class='ocrx_word' id='word_1_242' title='bbox 823 358 923 382; x_wconf 84' lang='lat' dir='ltr'>mant</span> <span class='ocrx_word' id='word_1_243' title='bbox 944 350 964 382; x_wconf 82' lang='lat'>5</span> <span class='ocrx_word' id='word_1_244' title='bbox 981 374 990 390; x_wconf 93' lang='lat'>‚</span> <span class='ocrx_word' id='word_1_245' title='bbox 1031 361 1105 394; x_wconf 84' lang='grc'><strong>199.</strong></span> <span class='ocrx_word' id='word_1_246' title='bbox 1133 361 1320 383; x_wconf 86' lang='lat' dir='ltr'><strong>numerosa</strong></span> <span class='ocrx_word' id='word_1_247' title='bbox 1338 351 1494 384; x_wconf 78' lang='lat' dir='ltr'>excelsae</span> 
     </span>
     <span class='ocr_line' id='line_1_53' title="bbox 825 407 1273 449; baseline 0 -9"><span class='ocrx_word' id='word_1_248' title='bbox 825 408 929 440; x_wconf 77' lang='lat' dir='ltr'><strong>turris</strong></span> <span class='ocrx_word' id='word_1_249' title='bbox 946 408 1088 449; x_wconf 82' lang='lat' dir='ltr'>parabat</span> <span class='ocrx_word' id='word_1_250' title='bbox 1110 419 1169 448; x_wconf 88' lang='lat'><strong>10,</strong></span> <span class='ocrx_word' id='word_1_251' title='bbox 1197 407 1273 440; x_wconf 82' lang='lat'><strong>106.</strong></span> 
     </span>
    </p>

    <p class='ocr_par' dir='ltr' id='par_1_17' title="bbox 821 464 1509 1361">
     <span class='ocr_line' id='line_1_54' title="bbox 872 464 1495 511; baseline 0.01 -16"><span class='ocrx_word' id='word_1_252' title='bbox 872 465 1016 503; x_wconf 79' lang='lat' dir='ltr'><strong>Taceo,</strong></span> <span class='ocrx_word' id='word_1_253' title='bbox 1051 466 1079 496; x_wconf 88' lang='lat' dir='ltr'><strong>si</strong></span> <span class='ocrx_word' id='word_1_254' title='bbox 1124 464 1277 498; x_wconf 82' lang='lat' dir='ltr'><strong>ostendis</strong></span> <span class='ocrx_word' id='word_1_255' title='bbox 1314 466 1366 507; x_wconf 81' lang='grc'><strong>15,</strong></span> <span class='ocrx_word' id='word_1_256' title='bbox 1419 478 1495 511; x_wconf 88' lang='lat'><strong>127.</strong></span> 
     </span>
     <span class='ocr_line' id='line_1_55' title="bbox 826 521 1498 564; baseline 0.007 -11"><span class='ocrx_word' id='word_1_257' title='bbox 826 529 919 553; x_wconf 77' lang='lat' dir='ltr'><strong>taces</strong></span> <span class='ocrx_word' id='word_1_258' title='bbox 939 521 1004 553; x_wconf 90' lang='lat' dir='ltr'><strong>hoc</strong></span> <span class='ocrx_word' id='word_1_259' title='bbox 1019 531 1059 564; x_wconf 82' lang='lat'><strong>9,</strong></span> <span class='ocrx_word' id='word_1_260' title='bbox 1084 522 1139 553; x_wconf 85' lang='grc'><strong>26.</strong></span> <span class='ocrx_word' id='word_1_261' title='bbox 1159 530 1249 554; x_wconf 84' lang='lat' dir='ltr'>tacet</span> <span class='ocrx_word' id='word_1_262' title='bbox 1268 525 1382 556; x_wconf 83' lang='lat' dir='ltr'><strong>onmis</strong></span> <span class='ocrx_word' id='word_1_263' title='bbox 1394 525 1498 558; x_wconf 81' lang='lat' dir='ltr'>turha</span> 
     </span>
     <span class='ocr_line' id='line_1_56' title="bbox 830 578 1500 622; baseline 0.007 -12"><span class='ocrx_word' id='word_1_264' title='bbox 830 578 869 619; x_wconf 86' lang='grc'><strong>6,</strong></span> <span class='ocrx_word' id='word_1_265' title='bbox 895 578 973 622; x_wconf 75' lang='grc'><strong>459.</strong></span> <span class='ocrx_word' id='word_1_266' title='bbox 991 586 1127 610; x_wconf 84' lang='lat' dir='ltr'>taceant</span> <span class='ocrx_word' id='word_1_267' title='bbox 1147 585 1185 609; x_wconf 90' lang='lat' dir='ltr'><strong>ut</strong></span> <span class='ocrx_word' id='word_1_268' title='bbox 1206 582 1315 621; x_wconf 80' lang='lat' dir='ltr'><strong>servi,</strong></span> <span class='ocrx_word' id='word_1_269' title='bbox 1342 582 1500 615; x_wconf 81' lang='lat' dir='ltr'><strong>iumenta</strong></span> 
     </span>
     <span class='ocr_line' id='line_1_57' title="bbox 829 637 1499 684; baseline 0.007 -16"><span class='ocrx_word' id='word_1_270' title='bbox 829 637 1019 678; x_wconf 80' lang='lat' dir='ltr'><strong>loquentur</strong></span> <span class='ocrx_word' id='word_1_271' title='bbox 1035 646 1057 679; x_wconf 87' lang='lat'>9</span> <span class='ocrx_word' id='word_1_272' title='bbox 1073 659 1081 675; x_wconf 97' lang='lat'>,</span> <span class='ocrx_word' id='word_1_273' title='bbox 1111 637 1185 668; x_wconf 78' lang='lat'><strong>103.</strong></span> <span class='ocrx_word' id='word_1_274' title='bbox 1205 647 1326 669; x_wconf 81' lang='lat' dir='ltr'><strong>omnes</strong></span> <span class='ocrx_word' id='word_1_275' title='bbox 1356 637 1394 679; x_wconf 86' lang='lat'><strong>5,</strong></span> <span class='ocrx_word' id='word_1_276' title='bbox 1424 638 1499 684; x_wconf 81' lang='grc'><strong>169.</strong></span> 
     </span>
     <span class='ocr_line' id='line_1_58' title="bbox 830 693 1500 738; baseline 0.007 -14"><span class='ocrx_word' id='word_1_277' title='bbox 830 706 850 738; x_wconf 84' lang='grc'><strong>9</strong></span> <span class='ocrx_word' id='word_1_278' title='bbox 869 717 878 735; x_wconf 89' lang='grc'><strong>,</strong></span> <span class='ocrx_word' id='word_1_279' title='bbox 907 693 983 725; x_wconf 78' lang='grc'><strong>106.</strong></span> <span class='ocrx_word' id='word_1_280' title='bbox 1012 693 1067 724; x_wconf 90' lang='lat' dir='ltr'><strong>illi</strong></span> <span class='ocrx_word' id='word_1_281' title='bbox 1097 704 1141 737; x_wconf 84' lang='lat'><strong>9,</strong></span> <span class='ocrx_word' id='word_1_282' title='bbox 1171 695 1245 726; x_wconf 82' lang='lat'><strong>115.</strong></span> <span class='ocrx_word' id='word_1_283' title='bbox 1271 702 1366 735; x_wconf 80' lang='lat' dir='ltr'><strong>tace,</strong></span> <span class='ocrx_word' id='word_1_284' title='bbox 1394 704 1500 738; x_wconf 85' lang='lat' dir='ltr'>atque</span> 
     </span>
     <span class='ocr_line' id='line_1_59' title="bbox 829 749 1502 795; baseline 0.006 -13"><span class='ocrx_word' id='word_1_285' title='bbox 829 751 924 782; x_wconf 81' lang='lat' dir='ltr'><strong>nube</strong></span> <span class='ocrx_word' id='word_1_286' title='bbox 950 762 990 791; x_wconf 90' lang='grc'><strong>2,</strong></span> <span class='ocrx_word' id='word_1_287' title='bbox 1024 749 1080 782; x_wconf 86' lang='grc'><strong>61.</strong></span> <span class='ocrx_word' id='word_1_288' title='bbox 1111 752 1183 782; x_wconf 83' lang='lat' dir='ltr'><strong>iam</strong></span> <span class='ocrx_word' id='word_1_289' title='bbox 1211 749 1252 791; x_wconf 90' lang='grc'><strong>8,</strong></span> <span class='ocrx_word' id='word_1_290' title='bbox 1276 762 1330 795; x_wconf 85' lang='grc'><strong>97.</strong></span> <span class='ocrx_word' id='word_1_291' title='bbox 1359 754 1502 788; x_wconf 71' lang='lat' dir='ltr'><strong>tacendi</strong></span> 
     </span>
     <span class='ocr_line' id='line_1_60' title="bbox 831 806 1501 849; baseline 0.006 -9"><span class='ocrx_word' id='word_1_292' title='bbox 831 807 945 840; x_wconf 91' lang='lat' dir='ltr'><strong>libido</strong></span> <span class='ocrx_word' id='word_1_293' title='bbox 974 818 1012 849; x_wconf 85' lang='lat'><strong>2,</strong></span> <span class='ocrx_word' id='word_1_294' title='bbox 1053 806 1104 840; x_wconf 84' lang='lat'><strong>14.</strong></span> <span class='ocrx_word' id='word_1_295' title='bbox 1140 807 1308 839; x_wconf 78' lang='lat' dir='ltr'>tacendae</span> <span class='ocrx_word' id='word_1_296' title='bbox 1346 810 1501 843; x_wconf 80' lang='lat' dir='ltr'><strong>offensae</strong></span> 
     </span>
     <span class='ocr_line' id='line_1_61' title="bbox 830 863 1503 908; baseline 0.006 -10"><span class='ocrx_word' id='word_1_297' title='bbox 830 865 873 906; x_wconf 81' lang='lat'><strong>4,</strong></span> <span class='ocrx_word' id='word_1_298' title='bbox 909 864 982 898; x_wconf 88' lang='grc'><strong>105.</strong></span> <span class='ocrx_word' id='word_1_299' title='bbox 1011 863 1167 896; x_wconf 83' lang='lat' dir='ltr'><strong>tacendis</strong></span> <span class='ocrx_word' id='word_1_300' title='bbox 1199 876 1338 908; x_wconf 83' lang='lat' dir='ltr'>semper</span> <span class='ocrx_word' id='word_1_301' title='bbox 1370 876 1503 902; x_wconf 79' lang='lat' dir='ltr'><strong>aestuat</strong></span> 
     </span>
     <span class='ocr_line' id='line_1_62' title="bbox 831 921 1503 962; baseline 0.006 -8"><span class='ocrx_word' id='word_1_302' title='bbox 831 924 969 955; x_wconf 85' lang='lat' dir='ltr'><strong>animus</strong></span> <span class='ocrx_word' id='word_1_303' title='bbox 987 921 1007 954; x_wconf 81' lang='grc'><strong>5</strong></span> <span class='ocrx_word' id='word_1_304' title='bbox 1021 945 1030 962; x_wconf 90' lang='grc'><strong>,</strong></span> <span class='ocrx_word' id='word_1_305' title='bbox 1055 922 1115 954; x_wconf 90' lang='grc' dir='ltr'><strong>5ο.</strong></span> <span class='ocrx_word' id='word_1_306' title='bbox 1129 924 1251 955; x_wconf 80' lang='lat' dir='ltr'><strong>tacitus</strong></span> <span class='ocrx_word' id='word_1_307' title='bbox 1287 931 1421 957; x_wconf 84' lang='lat' dir='ltr'><strong>nostras</strong></span> <span class='ocrx_word' id='word_1_308' title='bbox 1440 927 1503 958; x_wconf 85' lang='lat' dir='ltr'><strong>in-</strong></span> 
     </span>
     <span class='ocr_line' id='line_1_63' title="bbox 831 979 1500 1024; baseline 0.009 -13"><span class='ocrx_word' id='word_1_309' title='bbox 831 988 883 1012; x_wconf 87' lang='lat' dir='ltr'>tra</span> <span class='ocrx_word' id='word_1_310' title='bbox 901 988 934 1011; x_wconf 83' lang='lat' dir='ltr'><strong>te</strong></span> <span class='ocrx_word' id='word_1_311' title='bbox 955 981 1022 1021; x_wconf 82' lang='lat' dir='ltr'><strong>fige</strong></span> <span class='ocrx_word' id='word_1_312' title='bbox 1044 979 1205 1020; x_wconf 80' lang='lat' dir='ltr'>querelas</span> <span class='ocrx_word' id='word_1_313' title='bbox 1227 991 1247 1024; x_wconf 83' lang='lat'>9</span> <span class='ocrx_word' id='word_1_314' title='bbox 1259 1004 1267 1019; x_wconf 85' lang='lat'><strong>‚</strong></span> <span class='ocrx_word' id='word_1_315' title='bbox 1284 983 1339 1024; x_wconf 60' lang='grc'><strong>91.</strong></span> <span class='ocrx_word' id='word_1_316' title='bbox 1357 982 1500 1017; x_wconf 80' lang='lat' dir='ltr'><strong>recedas</strong></span> 
     </span>
     <span class='ocr_line' id='line_1_64' title="bbox 831 1035 1504 1079; baseline 0.012 -15"><span class='ocrx_word' id='word_1_317' title='bbox 831 1037 872 1075; x_wconf 83' lang='grc'><strong>5,</strong></span> <span class='ocrx_word' id='word_1_318' title='bbox 919 1046 997 1079; x_wconf 85' lang='lat'><strong>297.</strong></span> <span class='ocrx_word' id='word_1_319' title='bbox 1033 1037 1138 1068; x_wconf 82' lang='lat' dir='ltr'>tacito</span> <span class='ocrx_word' id='word_1_320' title='bbox 1175 1035 1288 1068; x_wconf 86' lang='lat' dir='ltr'><strong>bilem</strong></span> <span class='ocrx_word' id='word_1_321' title='bbox 1324 1038 1389 1071; x_wconf 83' lang='lat' dir='ltr'><strong>tibi</strong></span> <span class='ocrx_word' id='word_1_322' title='bbox 1430 1051 1504 1074; x_wconf 84' lang='lat' dir='ltr'><strong>non.</strong></span> 
     </span>
     <span class='ocr_line' id='line_1_65' title="bbox 832 1092 1505 1134; baseline 0.007 -10"><span class='ocrx_word' id='word_1_323' title='bbox 832 1092 1011 1124; x_wconf 82' lang='lat' dir='ltr'>contrahat</span> <span class='ocrx_word' id='word_1_324' title='bbox 1038 1104 1125 1124; x_wconf 79' lang='lat' dir='ltr'>uxor</span> <span class='ocrx_word' id='word_1_325' title='bbox 1157 1103 1218 1134; x_wconf 84' lang='lat'><strong>11,</strong></span> <span class='ocrx_word' id='word_1_326' title='bbox 1245 1093 1319 1126; x_wconf 85' lang='lat'><strong>185.</strong></span> <span class='ocrx_word' id='word_1_327' title='bbox 1347 1097 1505 1132; x_wconf 79' lang='lat' dir='ltr'><strong>tacitum</strong></span> 
     </span>
     <span class='ocr_line' id='line_1_66' title="bbox 830 1148 1505 1198; baseline 0.012 -17"><span class='ocrx_word' id='word_1_328' title='bbox 830 1148 947 1181; x_wconf 74' lang='lat' dir='ltr'><strong>scelus</strong></span> <span class='ocrx_word' id='word_1_329' title='bbox 970 1149 1071 1181; x_wconf 80' lang='lat' dir='ltr'><strong>intra</strong></span> <span class='ocrx_word' id='word_1_330' title='bbox 1085 1161 1122 1181; x_wconf 73' lang='lat' dir='ltr'><strong>Se</strong></span> <span class='ocrx_word' id='word_1_331' title='bbox 1133 1150 1196 1194; x_wconf 76' lang='lat' dir='ltr'><strong>qui</strong></span> <span class='ocrx_word' id='word_1_332' title='bbox 1216 1151 1366 1195; x_wconf 73' lang='lat' dir='ltr'><strong>cogitat</strong></span> <span class='ocrx_word' id='word_1_333' title='bbox 1383 1153 1505 1198; x_wconf 84' lang='lat' dir='ltr'><strong>ullu&#39;m,</strong></span> 
     </span>
     <span class='ocr_line' id='line_1_67' title="bbox 821 1205 1505 1255; baseline 0.009 -18"><span class='ocrx_word' id='word_1_334' title='bbox 821 1205 928 1250; x_wconf 83' lang='lat' dir='ltr'><strong>facti</strong></span> <span class='ocrx_word' id='word_1_335' title='bbox 959 1206 1091 1238; x_wconf 81' lang='lat' dir='ltr'><strong>crimen</strong></span> <span class='ocrx_word' id='word_1_336' title='bbox 1120 1205 1233 1238; x_wconf 82' lang='lat' dir='ltr'><strong>habet</strong></span> <span class='ocrx_word' id='word_1_337' title='bbox 1264 1205 1323 1249; x_wconf 73' lang='grc'><strong>15,</strong></span> <span class='ocrx_word' id='word_1_338' title='bbox 1346 1221 1425 1255; x_wconf 84' lang='grc'><strong>209.</strong></span> <span class='ocrx_word' id='word_1_339' title='bbox 1445 1220 1505 1245; x_wconf 84' lang='lat' dir='ltr'>ta·-</span> 
     </span>
     <span class='ocr_line' id='line_1_68' title="bbox 832 1263 1509 1313; baseline 0.015 -20"><span class='ocrx_word' id='word_1_340' title='bbox 832 1265 898 1294; x_wconf 75' lang='lat' dir='ltr'><strong>cita</strong></span> <span class='ocrx_word' id='word_1_341' title='bbox 926 1264 1029 1306; x_wconf 87' lang='lat' dir='ltr'><strong>culpa</strong></span> <span class='ocrx_word' id='word_1_342' title='bbox 1068 1263 1196 1296; x_wconf 84' lang='lat' dir='ltr'>sudant</span> <span class='ocrx_word' id='word_1_343' title='bbox 1238 1267 1443 1306; x_wconf 79' lang='lat' dir='ltr'><strong>praecordia</strong></span> <span class='ocrx_word' id='word_1_344' title='bbox 1478 1281 1509 1313; x_wconf 90' lang='lat'><strong>1,</strong></span> 
     </span>
     <span class='ocr_line' id='line_1_69' title="bbox 837 1318 914 1361; baseline -0.039 -10"><span class='ocrx_word' id='word_1_345' title='bbox 837 1318 914 1361; x_wconf 82' lang='lat'><strong>167.</strong></span> 
     </span>
    </p>

    <p class='ocr_par' dir='ltr' id='par_1_18' title="bbox 833 1374 1509 1533">
     <span class='ocr_line' id='line_1_70' title="bbox 880 1374 1507 1423; baseline 0.013 -16"><span class='ocrx_word' id='word_1_346' title='bbox 880 1374 1007 1407; x_wconf 76' lang='lat' dir='ltr'>Taeda</span> <span class='ocrx_word' id='word_1_347' title='bbox 1027 1375 1055 1407; x_wconf 87' lang='lat' dir='ltr'><strong>si</strong></span> <span class='ocrx_word' id='word_1_348' title='bbox 1077 1377 1121 1408; x_wconf 83' lang='lat' dir='ltr'><strong>sit</strong></span> <span class='ocrx_word' id='word_1_349' title='bbox 1142 1377 1331 1419; x_wconf 82' lang='lat' dir='ltr'><strong>latissima,</strong></span> <span class='ocrx_word' id='word_1_350' title='bbox 1356 1389 1507 1423; x_wconf 82' lang='lat' dir='ltr'>quatuor</span> 
     </span>
     <span class='ocr_line' id='line_1_71' title="bbox 833 1432 1509 1475; baseline 0.016 -14"><span class='ocrx_word' id='word_1_351' title='bbox 833 1439 893 1464; x_wconf 87' lang='lat' dir='ltr'>aut</span> <span class='ocrx_word' id='word_1_352' title='bbox 913 1440 1049 1475; x_wconf 83' lang='lat' dir='ltr'><strong>septem</strong></span> <span class='ocrx_word' id='word_1_353' title='bbox 1068 1432 1188 1475; x_wconf 84' lang='lat' dir='ltr'><strong>digitis</strong></span> <span class='ocrx_word' id='word_1_354' title='bbox 1212 1448 1231 1466; x_wconf 89' lang='lat' dir='ltr'>a</span> <span class='ocrx_word' id='word_1_355' title='bbox 1252 1445 1366 1469; x_wconf 86' lang='lat' dir='ltr'><strong>morte</strong></span> <span class='ocrx_word' id='word_1_356' title='bbox 1384 1450 1509 1474; x_wconf 84' lang='lat' dir='ltr'><strong>remo-</strong></span> 
     </span>
     <span class='ocr_line' id='line_1_72' title="bbox 835 1489 1509 1534; baseline 0.016 -15"><span class='ocrx_word' id='word_1_357' title='bbox 835 1496 888 1520; x_wconf 82' lang='lat' dir='ltr'><strong>tus</strong></span> <span class='ocrx_word' id='word_1_358' title='bbox 915 1499 975 1529; x_wconf 89' lang='grc'><strong>12,</strong></span> <span class='ocrx_word' id='word_1_359' title='bbox 1008 1489 1063 1533; x_wconf 82' lang='grc'><strong>59.</strong></span> <span class='ocrx_word' id='word_1_360' title='bbox 1094 1500 1227 1525; x_wconf 75' lang='lat' dir='ltr'><strong>secieta</strong></span> <span class='ocrx_word' id='word_1_361' title='bbox 1245 1495 1434 1534; x_wconf 80' lang='lat' dir='ltr'><strong>coluerunt</strong></span> <span class='ocrx_word' id='word_1_362' title='bbox 1452 1507 1509 1530; x_wconf 83' lang='lat' dir='ltr'>ta-</span> 
     </span>
    </p>
   </div>
   <div class='ocr_carea' id='block_1_14' title="bbox 831 1544 1510 1654">
    <p class='ocr_par' dir='ltr' id='par_1_19' title="bbox 831 1544 1510 1654">
     <span class='ocr_line' id='line_1_73' title="bbox 831 1544 1508 1597; baseline 0.021 -22"><span class='ocrx_word' id='word_1_363' title='bbox 831 1545 881 1575; x_wconf 86' lang='lat' dir='ltr'><strong>lia</strong></span> <span class='ocrx_word' id='word_1_364' title='bbox 912 1544 1021 1587; x_wconf 82' lang='lat' dir='ltr'><strong>Orgia</strong></span> <span class='ocrx_word' id='word_1_365' title='bbox 1050 1557 1096 1587; x_wconf 84' lang='lat'><strong>2,</strong></span> <span class='ocrx_word' id='word_1_366' title='bbox 1130 1559 1187 1592; x_wconf 91' lang='grc'><strong>91.</strong></span> <span class='ocrx_word' id='word_1_367' title='bbox 1221 1550 1258 1581; x_wconf 86' lang='lat' dir='ltr'><strong>in</strong></span> <span class='ocrx_word' id='word_1_368' title='bbox 1279 1551 1343 1583; x_wconf 82' lang='lat' dir='ltr'><strong>illa</strong></span> <span class='ocrx_word' id='word_1_369' title='bbox 1361 1553 1508 1597; x_wconf 83' lang='lat' dir='ltr'><strong>lucebis·‚</strong></span> 
     </span>
     <span class='ocr_line' id='line_1_74' title="bbox 834 1602 1510 1654; baseline 0.022 -24"><span class='ocrx_word' id='word_1_370' title='bbox 834 1611 901 1642; x_wconf 87' lang='lat' dir='ltr'>qua</span> <span class='ocrx_word' id='word_1_371' title='bbox 927 1608 1057 1635; x_wconf 74' lang='lat' dir='ltr'><strong>stantes</strong></span> <span class='ocrx_word' id='word_1_372' title='bbox 1077 1602 1221 1645; x_wconf 84' lang='lat' dir='ltr'>ar‚dent</span> <span class='ocrx_word' id='word_1_373' title='bbox 1248 1608 1308 1648; x_wconf 84' lang='lat' dir='ltr'><strong>qui</strong></span> <span class='ocrx_word' id='word_1_374' title='bbox 1327 1609 1395 1640; x_wconf 79' lang='lat' dir='ltr'><strong>fixo</strong></span> <span class='ocrx_word' id='word_1_375' title='bbox 1424 1620 1510 1654; x_wconf 83' lang='lat' dir='ltr'>gut-</span> 
     </span>
    </p>
   </div>
   <div class='ocr_carea' id='block_1_15' title="bbox 833 1630 1516 2802">
    <p class='ocr_par' dir='ltr' id='par_1_20' title="bbox 833 1630 1509 1814">
     <span class='ocr_line' id='line_1_75' title="bbox 833 1630 1508 1701; baseline 0.019 -13"><span class='ocrx_word' id='word_1_376' title='bbox 833 1665 910 1689; x_wconf 79' lang='lat' dir='ltr'><strong>ture</strong></span> <span class='ocrx_word' id='word_1_377' title='bbox 936 1658 1077 1691; x_wconf 84' lang='lat' dir='ltr'>fumant</span> <span class='ocrx_word' id='word_1_378' title='bbox 1107 1671 1144 1701; x_wconf 83' lang='lat'><strong>1,</strong></span> <span class='ocrx_word' id='word_1_379' title='bbox 1182 1630 1255 1694; x_wconf 85' lang='grc'><strong>155.</strong></span> <span class='ocrx_word' id='word_1_380' title='bbox 1287 1675 1370 1696; x_wconf 86' lang='lat' dir='ltr'><strong>cum</strong></span> <span class='ocrx_word' id='word_1_381' title='bbox 1397 1668 1508 1701; x_wconf 80' lang='lat' dir='ltr'><strong>taedis</strong></span> 
     </span>
     <span class='ocr_line' id='line_1_76' title="bbox 835 1715 1509 1767; baseline 0.019 -22"><span class='ocrx_word' id='word_1_382' title='bbox 835 1715 973 1766; x_wconf 79' lang='lat' dir='ltr'><strong>sulfura</strong></span> <span class='ocrx_word' id='word_1_383' title='bbox 990 1717 1019 1748; x_wconf 85' lang='lat' dir='ltr'><strong>si</strong></span> <span class='ocrx_word' id='word_1_384' title='bbox 1040 1728 1108 1758; x_wconf 84' lang='lat' dir='ltr'>qua</span> <span class='ocrx_word' id='word_1_385' title='bbox 1128 1716 1316 1763; x_wconf 79' lang='lat' dir='ltr'>darentur,</span> <span class='ocrx_word' id='word_1_386' title='bbox 1339 1733 1509 1767; x_wconf 84' lang='lat' dir='ltr'><strong>cuperent</strong></span> 
     </span>
     <span class='ocr_line' id='line_1_77' title="bbox 837 1773 1142 1814; baseline 0.02 -12"><span class='ocrx_word' id='word_1_387' title='bbox 837 1773 976 1805; x_wconf 70' lang='lat' dir='ltr'><strong>lusu-:tri</strong></span> <span class='ocrx_word' id='word_1_388' title='bbox 997 1783 1037 1814; x_wconf 89' lang='grc'>2,</span> <span class='ocrx_word' id='word_1_389' title='bbox 1058 1773 1142 1808; x_wconf 77' lang='grc' dir='ltr'><strong>Ι158.</strong></span> 
     </span>
    </p>

    <p class='ocr_par' dir='ltr' id='par_1_21' title="bbox 834 1830 1507 1990">
     <span class='ocr_line' id='line_1_78' title="bbox 882 1830 1507 1881; baseline 0.022 -21"><span class='ocrx_word' id='word_1_390' title='bbox 882 1830 1023 1862; x_wconf 73' lang='lat' dir='ltr'><strong>Taedia</strong></span> <span class='ocrx_word' id='word_1_391' title='bbox 1052 1831 1204 1866; x_wconf 86' lang='lat' dir='ltr'><strong>subeunt</strong></span> <span class='ocrx_word' id='word_1_392' title='bbox 1227 1837 1361 1869; x_wconf 83' lang='lat' dir='ltr'>animos</span> <span class='ocrx_word' id='word_1_393' title='bbox 1386 1850 1425 1881; x_wconf 92' lang='lat'><strong>7,</strong></span> <span class='ocrx_word' id='word_1_394' title='bbox 1450 1840 1507 1874; x_wconf 82' lang='lat'><strong>34.</strong></span> 
     </span>
     <span class='ocr_line' id='line_1_79' title="bbox 834 1887 1506 1941; baseline 0.018 -24"><span class='ocrx_word' id='word_1_395' title='bbox 834 1887 913 1919; x_wconf 82' lang='lat' dir='ltr'><strong>talis</strong></span> <span class='ocrx_word' id='word_1_396' title='bbox 935 1898 1076 1930; x_wconf 86' lang='lat' dir='ltr'><strong>quoque</strong></span> <span class='ocrx_word' id='word_1_397' title='bbox 1092 1891 1180 1922; x_wconf 83' lang='lat' dir='ltr'><strong>vitae</strong></span> <span class='ocrx_word' id='word_1_398' title='bbox 1199 1900 1281 1924; x_wconf 84' lang='lat' dir='ltr'><strong>sunt</strong></span> <span class='ocrx_word' id='word_1_399' title='bbox 1299 1905 1429 1937; x_wconf 83' lang='lat' dir='ltr'>magua</span> <span class='ocrx_word' id='word_1_400' title='bbox 1454 1909 1466 1930; x_wconf 86' lang='lat'>1</span> <span class='ocrx_word' id='word_1_401' title='bbox 1478 1909 1506 1941; x_wconf 82' lang='grc'><strong>1,</strong></span> 
     </span>
     <span class='ocr_line' id='line_1_80' title="bbox 837 1946 1373 1990; baseline 0.017 -15"><span class='ocrx_word' id='word_1_402' title='bbox 837 1955 915 1987; x_wconf 85' lang='lat'><strong>207.</strong></span> <span class='ocrx_word' id='word_1_403' title='bbox 936 1946 1038 1978; x_wconf 86' lang='lat' dir='ltr'><strong>mille</strong></span> <span class='ocrx_word' id='word_1_404' title='bbox 1058 1946 1205 1980; x_wconf 85' lang='lat' dir='ltr'><strong>ferenda</strong></span> <span class='ocrx_word' id='word_1_405' title='bbox 1231 1949 1292 1990; x_wconf 83' lang='lat'><strong>16,</strong></span> <span class='ocrx_word' id='word_1_406' title='bbox 1316 1950 1373 1984; x_wconf 63' lang='lat'><strong>44.</strong></span> 
     </span>
    </p>

    <p class='ocr_par' dir='ltr' id='par_1_22' title="bbox 840 2002 1507 2103">
     <span class='ocr_line' id='line_1_81' title="bbox 884 2002 1507 2048; baseline 0.027 -16"><span class='ocrx_word' id='word_1_407' title='bbox 884 2002 1027 2035; x_wconf 81' lang='lat' dir='ltr'>Taedia</span> <span class='ocrx_word' id='word_1_408' title='bbox 1065 2015 1137 2038; x_wconf 86' lang='lat' dir='ltr'><strong>nou</strong></span> <span class='ocrx_word' id='word_1_409' title='bbox 1176 2006 1305 2040; x_wconf 81' lang='lat' dir='ltr'><strong>lambit</strong></span> <span class='ocrx_word' id='word_1_410' title='bbox 1343 2008 1507 2048; x_wconf 85' lang='lat' dir='ltr'><strong>Cluviam</strong></span> 
     </span>
     <span class='ocr_line' id='line_1_82' title="bbox 840 2061 979 2103; baseline 0 -12"><span class='ocrx_word' id='word_1_411' title='bbox 840 2070 861 2092; x_wconf 85' lang='grc'><strong>2</strong></span> <span class='ocrx_word' id='word_1_412' title='bbox 883 2083 893 2100; x_wconf 87' lang='grc'><strong>,</strong></span> <span class='ocrx_word' id='word_1_413' title='bbox 918 2061 979 2103; x_wconf 74' lang='grc'><strong>49.</strong></span> 
     </span>
    </p>

    <p class='ocr_par' dir='ltr' id='par_1_23' title="bbox 839 2117 1505 2277">
     <span class='ocr_line' id='line_1_83' title="bbox 884 2117 1505 2162; baseline 0.021 -14"><span class='ocrx_word' id='word_1_414' title='bbox 884 2117 1013 2161; x_wconf 79' lang='lat' dir='ltr'><strong>Tagus</strong></span> <span class='ocrx_word' id='word_1_415' title='bbox 1036 2127 1069 2152; x_wconf 89' lang='lat' dir='ltr'><strong>et</strong></span> <span class='ocrx_word' id='word_1_416' title='bbox 1097 2119 1261 2155; x_wconf 88' lang='lat' dir='ltr'>Pactolus</span> <span class='ocrx_word' id='word_1_417' title='bbox 1291 2136 1417 2158; x_wconf 84' lang='lat' dir='ltr'>aurum</span> <span class='ocrx_word' id='word_1_418' title='bbox 1443 2140 1505 2162; x_wconf 84' lang='lat' dir='ltr'><strong>ru-</strong></span> 
     </span>
     <span class='ocr_line' id='line_1_84' title="bbox 839 2174 1505 2228; baseline 0.02 -23"><span class='ocrx_word' id='word_1_419' title='bbox 839 2174 903 2206; x_wconf 81' lang='lat' dir='ltr'><strong>tila</strong></span> <span class='ocrx_word' id='word_1_420' title='bbox 930 2176 1036 2208; x_wconf 88' lang='lat' dir='ltr'><strong>volvit</strong></span> <span class='ocrx_word' id='word_1_421' title='bbox 1060 2188 1164 2209; x_wconf 83' lang='lat' dir='ltr'>arena</span> <span class='ocrx_word' id='word_1_422' title='bbox 1203 2180 1263 2220; x_wconf 80' lang='grc'><strong>14,</strong></span> <span class='ocrx_word' id='word_1_423' title='bbox 1307 2192 1386 2226; x_wconf 82' lang='grc'><strong>299.</strong></span> <span class='ocrx_word' id='word_1_424' title='bbox 1416 2184 1505 2228; x_wconf 82' lang='lat' dir='ltr'><strong>Tagi</strong></span> 
     </span>
     <span class='ocr_line' id='line_1_85' title="bbox 839 2234 1358 2277; baseline 0.015 -14"><span class='ocrx_word' id='word_1_425' title='bbox 839 2234 939 2274; x_wconf 82' lang='lat' dir='ltr'><strong>opaci</strong></span> <span class='ocrx_word' id='word_1_426' title='bbox 964 2236 1080 2266; x_wconf 85' lang='lat' dir='ltr'><strong>onmis</strong></span> <span class='ocrx_word' id='word_1_427' title='bbox 1103 2247 1208 2267; x_wconf 82' lang='lat' dir='ltr'>arena</span> <span class='ocrx_word' id='word_1_428' title='bbox 1233 2237 1253 2269; x_wconf 80' lang='lat'>5</span> <span class='ocrx_word' id='word_1_429' title='bbox 1269 2262 1277 2277; x_wconf 91' lang='lat'>‚</span> <span class='ocrx_word' id='word_1_430' title='bbox 1301 2236 1358 2271; x_wconf 84' lang='lat'><strong>55.</strong></span> 
     </span>
    </p>

    <p class='ocr_par' dir='ltr' id='par_1_24' title="bbox 840 2289 1511 2392">
     <span class='ocr_line' id='line_1_86' title="bbox 887 2289 1511 2335; baseline 0.016 -13"><span class='ocrx_word' id='word_1_431' title='bbox 887 2289 1046 2323; x_wconf 82' lang='lat' dir='ltr'><strong>Talenta</strong></span> <span class='ocrx_word' id='word_1_432' title='bbox 1082 2301 1224 2335; x_wconf 49' lang='lat' dir='ltr'><strong>psopter</strong></span> <span class='ocrx_word' id='word_1_433' title='bbox 1252 2296 1354 2327; x_wconf 85' lang='lat' dir='ltr'><strong>mille</strong></span> <span class='ocrx_word' id='word_1_434' title='bbox 1393 2306 1511 2331; x_wconf 85' lang='lat' dir='ltr'><strong>teme-</strong></span> 
     </span>
     <span class='ocr_line' id='line_1_87' title="bbox 840 2349 1139 2392; baseline 0.003 -12"><span class='ocrx_word' id='word_1_435' title='bbox 840 2360 951 2380; x_wconf 79' lang='lat' dir='ltr'><strong>rarius</strong></span> <span class='ocrx_word' id='word_1_436' title='bbox 975 2354 1035 2388; x_wconf 66' lang='lat'><strong>14,</strong></span> <span class='ocrx_word' id='word_1_437' title='bbox 1061 2349 1139 2392; x_wconf 64' lang='lat'><strong>274.</strong></span> 
     </span>
    </p>

    <p class='ocr_par' dir='ltr' id='par_1_25' title="bbox 844 2402 1516 2802">
     <span class='ocr_line' id='line_1_88' title="bbox 889 2402 1511 2455; baseline 0.018 -20"><span class='ocrx_word' id='word_1_438' title='bbox 889 2404 994 2437; x_wconf 74' lang='lat' dir='ltr'><strong>Talis</strong></span> <span class='ocrx_word' id='word_1_439' title='bbox 1015 2402 1194 2448; x_wconf 43' lang='lat' dir='ltr'>umbra‘2,</span> <span class='ocrx_word' id='word_1_440' title='bbox 1220 2404 1295 2441; x_wconf 87' lang='grc'><strong>156.</strong></span> <span class='ocrx_word' id='word_1_441' title='bbox 1329 2411 1397 2442; x_wconf 77' lang='lat' dir='ltr'><strong>tale</strong></span> <span class='ocrx_word' id='word_1_442' title='bbox 1424 2413 1511 2455; x_wconf 78' lang='lat' dir='ltr'><strong>quid</strong></span> 
     </span>
     <span class='ocr_line' id='line_1_89' title="bbox 845 2461 1510 2507; baseline 0.018 -15"><span class='ocrx_word' id='word_1_443' title='bbox 845 2471 984 2494; x_wconf 82' lang='lat' dir='ltr'><strong>excusat</strong></span> <span class='ocrx_word' id='word_1_444' title='bbox 1017 2461 1190 2504; x_wconf 80' lang='lat' dir='ltr'>saguntus</span> <span class='ocrx_word' id='word_1_445' title='bbox 1232 2466 1291 2507; x_wconf 90' lang='grc'><strong>15,</strong></span> <span class='ocrx_word' id='word_1_446' title='bbox 1341 2470 1414 2501; x_wconf 82' lang='grc'><strong>115.</strong></span> <span class='ocrx_word' id='word_1_447' title='bbox 1455 2473 1510 2504; x_wconf 82' lang='lat' dir='ltr'><strong>nil</strong></span> 
     </span>
     <span class='ocr_line' id='line_1_90' title="bbox 844 2520 1511 2564; baseline 0.019 -15"><span class='ocrx_word' id='word_1_448' title='bbox 844 2520 915 2551; x_wconf 85' lang='lat' dir='ltr'><strong>tale</strong></span> <span class='ocrx_word' id='word_1_449' title='bbox 947 2529 1121 2562; x_wconf 80' lang='lat' dir='ltr'><strong>exspectes</strong></span> <span class='ocrx_word' id='word_1_450' title='bbox 1146 2521 1190 2563; x_wconf 84' lang='lat'><strong>4,</strong></span> <span class='ocrx_word' id='word_1_451' title='bbox 1224 2533 1280 2556; x_wconf 83' lang='lat'><strong>22.</strong></span> <span class='ocrx_word' id='word_1_452' title='bbox 1313 2525 1375 2558; x_wconf 85' lang='lat' dir='ltr'><strong>tali</strong></span> <span class='ocrx_word' id='word_1_453' title='bbox 1395 2531 1511 2564; x_wconf 83' lang='lat' dir='ltr'><strong>amico</strong></span> 
     </span>
     <span class='ocr_line' id='line_1_91' title="bbox 847 2575 1511 2627; baseline 0.018 -20"><span class='ocrx_word' id='word_1_454' title='bbox 847 2575 975 2619; x_wconf 82' lang='lat' dir='ltr'><strong>dignus</strong></span> <span class='ocrx_word' id='word_1_455' title='bbox 1000 2575 1039 2618; x_wconf 82' lang='lat'><strong>5,</strong></span> <span class='ocrx_word' id='word_1_456' title='bbox 1067 2578 1138 2620; x_wconf 79' lang='lat'><strong>175.</strong></span> <span class='ocrx_word' id='word_1_457' title='bbox 1176 2580 1264 2613; x_wconf 84' lang='lat' dir='ltr'><strong>tales</strong></span> <span class='ocrx_word' id='word_1_458' title='bbox 1283 2581 1371 2622; x_wconf 87' lang='lat' dir='ltr'><strong>cibi,</strong></span> <span class='ocrx_word' id='word_1_459' title='bbox 1397 2588 1511 2627; x_wconf 73' lang='lat' dir='ltr'><strong>qualis</strong></span> 
     </span>
     <span class='ocr_line' id='line_1_92' title="bbox 848 2633 1512 2688; baseline 0.017 -24"><span class='ocrx_word' id='word_1_460' title='bbox 848 2633 976 2666; x_wconf 85' lang='lat' dir='ltr'><strong>domus</strong></span> <span class='ocrx_word' id='word_1_461' title='bbox 1015 2642 1118 2676; x_wconf 84' lang='lat' dir='ltr'>atque</span> <span class='ocrx_word' id='word_1_462' title='bbox 1154 2638 1314 2680; x_wconf 79' lang='lat' dir='ltr'><strong>supellex</strong></span> <span class='ocrx_word' id='word_1_463' title='bbox 1352 2651 1387 2672; x_wconf 91' lang='grc'><strong>11</strong></span> <span class='ocrx_word' id='word_1_464' title='bbox 1404 2667 1414 2684; x_wconf 93' lang='grc'><strong>,</strong></span> <span class='ocrx_word' id='word_1_465' title='bbox 1454 2654 1512 2688; x_wconf 84' lang='grc'><strong>99.</strong></span> 
     </span>
     <span class='ocr_line' id='line_1_93' title="bbox 847 2693 1511 2740; baseline 0.018 -18"><span class='ocrx_word' id='word_1_466' title='bbox 847 2702 964 2723; x_wconf 81' lang='lat' dir='ltr'><strong>versus</strong></span> <span class='ocrx_word' id='word_1_467' title='bbox 988 2703 1047 2732; x_wconf 84' lang='lat'><strong>11,</strong></span> <span class='ocrx_word' id='word_1_468' title='bbox 1085 2693 1158 2725; x_wconf 85' lang='lat'><strong>180.</strong></span> <span class='ocrx_word' id='word_1_469' title='bbox 1190 2696 1268 2727; x_wconf 82' lang='lat' dir='ltr'><strong>talis</strong></span> <span class='ocrx_word' id='word_1_470' title='bbox 1296 2707 1441 2740; x_wconf 77' lang='lat' dir='ltr'><strong>quoque</strong></span> <span class='ocrx_word' id='word_1_471' title='bbox 1454 2703 1511 2734; x_wconf 87' lang='lat' dir='ltr'><strong>vi-</strong></span> 
     </span>
     <span class='ocr_line' id='line_1_94' title="bbox 847 2747 1516 2802; baseline 0.013 -20"><span class='ocrx_word' id='word_1_472' title='bbox 847 2756 903 2783; x_wconf 68' lang='lat' dir='ltr'><strong>tae</strong></span> <span class='ocrx_word' id='word_1_473' title='bbox 929 2747 1044 2787; x_wconf 69' lang='lat' dir='ltr'><strong>taedis</strong></span> <span class='ocrx_word' id='word_1_474' title='bbox 1069 2758 1150 2787; x_wconf 78' lang='lat' dir='ltr'><strong>suut</strong></span> <span class='ocrx_word' id='word_1_475' title='bbox 1176 2762 1306 2797; x_wconf 62' lang='lat' dir='ltr'>magna</span> <span class='ocrx_word' id='word_1_476' title='bbox 1339 2764 1400 2798; x_wconf 73' lang='grc'><strong>11,</strong></span> <span class='ocrx_word' id='word_1_477' title='bbox 1433 2766 1516 2802; x_wconf 75' lang='lat'><strong>207.</strong></span> 
     </span>
    </p>
   </div>
  </div>
 </body>
</html>
