1759 3029
245 152 332 180 cxx
536 139 764 180 INDEX
816 138 1155 182 CODICVM
1205 135 1353 177 MSS.

248 268 340 292 eum
377 259 493 306 parte
526 268 669 306 magna
706 255 826 292 XIV.
856 268 984 306 usque
1017 252 1065 290 ad
1104 267 1141 290 v.
1179 252 1267 304 196.
1326 250 1490 290 Scholia
1515 265 1637 305 prae-

249 329 361 360 terea
389 322 512 360 habet
542 322 590 360 ad
628 323 850 372 marginem
885 328 925 359 et
951 322 1066 359 inter
1095 321 1234 358 lineas.

362 390 459 428 VH.
516 391 550 427 E
583 387 1080 428 BIBLIOTHECA
1131 386 1515 426 SORBONAE.

365 458 429 495 53.
491 459 624 496 Codex
656 459 686 495 l.
716 472 754 495 n.
795 459 909 509 ³589.

251 524 589 563 Membranaceus
627 527 668 565 in
707 528 743 564 4.
780 531 968 564 constans
1007 536 1082 563 102
1118 523 1249 572 soliis,
1280 523 1366 562 XV
1402 536 1503 560 saec.
1541 535 1643 559 exa-

252 598 389 640 ratus,
430 594 725 643 elegantissime
769 596 810 631 in
855 593 974 630 ltalia
1015 593 1215 643 scriptus,
1265 605 1358 629 cum
1414 590 1642 627 initialibus
1679 642 1695 647 ἒ

253 659 384 697 literis
424 675 522 699 auro
578 668 618 698 ct
664 662 870 699 coloribus
923 660 1046 697 variis
1100 661 1253 710 optime
1309 658 1504 708 depictis,
1551 657 1646 710 satis

253 727 360 765 bene
400 729 647 767 emendatus.
720 728 928 778 Quaedam
990 726 1112 764 habet
1156 726 1310 765 scholia
1362 724 1411 762 ad
1472 733 1646 777 quatuor

254 796 414 846 priores
449 798 602 836 satiras.
660 799 699 837 Is
723 803 936 850 praeterea
961 808 1047 834 non
1079 793 1404 833 contemnendae
1431 798 1552 831 notae
1579 793 1647 830 vi·-

256 860 389 901 detur.
1300 900 1308 918 a

370 932 436 969 54.
498 933 631 972 Codex
659 947 698 973 n.
733 934 848 988 1590.

258 994 508 1037 Chartae-cus
539 1004 583 1039 in
620 1003 656 1039 4.
691 1007 883 1040 constans
917 1001 968 1038 63
1009 999 1141 1045 soliis,
1172 997 1281 1036 XIV
1317 1010 1417 1034 sace.
1446 1001 1650 1044 exaratus,

255 1065 351 1102 satis
390 1068 606 1119 perspicue
659 1075 700 1106 et
743 1069 958 1119 eleganter.
1028 1066 1223 1105 Ceterum
1268 1065 1386 1117 parvi
1426 1063 1552 1116 pretii
1588 1068 1651 1102 est

251 1131 333 1170 iste
372 1134 516 1173 codex.

366 1203 432 1241 35.
495 1204 627 1241 Codex
652 1218 690 1242 n.
729 1202 846 1253 1767.

257 1266 509 1310 Chartaceus
553 1272 596 1311 in
639 1273 674 1311 4.
721 1286 821 1310 saec.
864 1271 972 1310 XW
1013 1275 1226 1318 exaratus,
1256 1268 1380 1306 habet
1413 1265 1651 1305 Iuvenalem
1706 1295 1725 1302 -

256 1342 299 1373 et
329 1337 517 1377 Persium
565 1354 658 1377 cum
706 1341 1000 1380 commentario
1046 1337 1331 1389 copiosissimo
1367 1336 1550 1373 Gaarini
1580 1348 1654 1373 seu

258 1403 438 1449 Gay-ini,
472 1408 542 1458 qui
576 1407 696 1446 abbas
736 1408 820 1446 suit
844 1403 1086 1445 Victorinus
1117 1405 1224 1458 apud
1268 1404 1448 1443 Parisios
1494 1408 1536 1440 et
1577 1403 1653 1440 de-

256 1472 379 1509 cessit
408 1487 442 1511 a.
479 1477 597 1526 1194.

283 1539 366 1577 Hic
400 1548 460 1579 est
494 1542 687 1580 elenchus
716 1540 835 1580 MSS.
872 1542 998 1579 Paris.
1030 1542 1078 1579 ab
1112 1539 1338 1578 Achaintre
1368 1540 1625 1577 collatorum.

369 1607 473 1647 Aliis
500 1609 708 1648 codicibus
733 1624 822 1647 mSS.
854 1611 917 1647 usi
949 1616 1043 1646 sunt
1067 1608 1306 1655 Salmasius,
1337 1607 1535 1657 Scaliger,
1559 1607 1653 1646 Nic.

257 1672 466 1724 Heinsius,
492 1677 704 1725 Muretus,
735 1676 971 1729 Sehegkius,
996 1677 1184 1725 Mereer,
1215 1675 1450 1722 Brodaeus‚
1475 1675 1654 1725 Flavius,

256 1741 484 1793 Pontanm,
545 1744 874 1792 Rittershusius,
927 1743 1162 1792 Claverius,
1214 1743 1430 1794 Scioppius
1471 1749 1512 1780 et
1563 1744 1654 1785 alii:

257 1823 459 1863 quamque
498 1811 542 1850 hi
587 1813 631 1850 in
674 1813 837 1864 scriptis
886 1812 968 1848 suis
1007 1817 1229 1849 enotarunt
1265 1824 1317 1847 ex
1359 1810 1439 1848 illis
1473 1812 1657 1849 varieta-

255 1881 341 1916 tem
374 1878 585 1928 lectionis,
615 1894 689 1917 nos
714 1893 876 1931 quoque
915 1879 1065 1930 passim
1099 1878 1365 1915 laudavimus.

368 1946 558 1984 Aliorum
592 1946 805 1994 codicum,
849 1946 920 1998 qui
957 1945 1139 1983 nondum
1171 1944 1394 1995 comparati
1435 1951 1529 1982 sunt
1563 1959 1657 1985 cum

255 2011 423 2062 ‘vulgata
468 2016 694 2065 scriptura,
744 2013 886 2064 ingens
933 2026 1129 2051 numerus
1163 2013 1205 2049 in
1246 2010 1532 2060 bibliothecis,
1572 2026 1657 2051 non

256 2080 380 2118 modo
401 2081 599 2133 publicis,
632 2081 757 2132 .inpr.
803 2081 981 2128 Italicis,
1031 2079 1200 2118 Gallicis
1250 2084 1292 2116 et
1335 2079 1538 2129 Anglicis)
1583 2079 1655 2118 sed

257 2148 380 2185 etiam
424 2149 596 2200 privatis
637 2149 758 2193 latet:
803 2161 841 2185 v.
870 2162 903 2189 c,
954 2148 997 2186 in
1031 2145 1226 2185 Biblioth.
1267 2147 1506 2184 Gersdorfia
1538 2162 1656 2196 unus,

257 2215 320 2262 (v.
355 2214 618 2267 Ephemerid.
655 2217 761 2254 liter.
802 2215 917 2268 Lips.
957 2213 1092 2266 1710.)
1136 2215 1179 2252 in
1225 2213 1526 2264 Rhedigeriana
1560 2214 1654 2264 duo,

258 2278 315 2336 (v.
347 2282 583 2322 Fiilleborn.
615 2297 719 2322 verS.
753 2296 928 2334 german.
958 2284 1090 2321 Persii
1119 2296 1157 2334 p.
1191 2278 1262 2334 V.)
1299 2282 1655 2333 Senkenbergiana

255 2364 383 2400 unUS,
408 2352 556 2391 Thom.
590 2351 668 2389 Ios.
691 2351 868 2389 Farsetti
901 2364 1026 2398 unus,
1059 2347 1115 2402 (v.
1140 2350 1178 2387 le
1209 2350 1307 2386 Bret
1341 2349 1528 2398 Magazin
1560 2363 1656 2387 zum

259 2419 481 2458 Gebraueh
515 2420 587 2458 der
621 2420 817 2456 Staaten-
841 2418 927 2455 und
957 2416 1179 2455 Kirchen-
1208 2415 1477 2463 Geschicllte,
1509 2416 1557 2453 T.
1580 2416 1655 2455 IV.

258 2502 299 2529 n.
335 2501 364 2526 1.
389 2487 580 2526 Francos.
624 2482 759 2537 1774.)
786 2484 1084 2535 Comburgensi
1104 2497 1233 2537 prope
1254 2484 1401 2521 Halam
1424 2484 1657 2521 Suevorum

258 2556 341 2595 ‹luo
386 2550 440 2609 (v.
491 2554 836 2605 Intelligenzblatt
883 2551 956 2590 der
990 2553 1077 2590 Jen.
1121 2551 1226 2601 Allg.
1268 2550 1353 2588 Lit.
1394 2551 1496 2588 Zeit.
1537 2549 1655 2601 1796.

255 2624 309 2664 N.
349 2625 470 2674 155.)ι
540 2622 742 2660 Permulti
789 2620 858 2658 alii
904 2624 1186 2658 memorantur
1230 2620 1274 2657 in
1311 2617 1656 2656 bibliothecarum

255 2691 446 2744 catalogis
472 2690 860 2744 commentariisque
883 2688 1069 2729 virorum
1104 2687 1340 2736 doctorum,
1367 2686 1588 2739 praecipue
1609 2684 1655 2724 in

1483 2863 1505 2870 -ο
