1759 3029
561 186 919 228 SATIRA'
968 188 1020 227 V.

1429 183 1485 245 89

102 303 196 359 Qui
224 302 386 359 tegitur
413 315 573 357 parma
603 308 648 342 et
673 299 797 356 galea
822 307 1117 354 metuensque
1154 299 1316 355 flagelli

100 371 242 413 Discit
272 370 325 410 ab
352 368 527 410 hirsuta
550 368 750 409 iaculum
775 376 986 423 torquere
1024 366 1205 421 capella.

1407 366 1486 409 155

102 448 106 451 “
154 437 359 479 Forsitan
383 436 615 493 impensae
648 435 894 478 Virronem
924 448 1111 491 parcere
1150 435 1315 477 credas,

99 505 194 547 Hoc
222 505 333 561 agit,
364 493 417 546 ut
447 503 620 545 doleas:
650 518 756 544 nam
787 517 900 558 quae
930 501 1185 553 comoedia,
1231 502 1400 543 mimus

97 570 214 629 Quis
238 571 401 614 mel-ior
425 573 633 630 plorante
662 570 800 626 gula?
831 569 953 626 Ergo
983 569 1135 612 omnia
1162 568 1293 622 fiunt,

97 637 144 680 Si
172 639 339 692 nescis,
374 649 426 682 ut
452 656 537 697 per
561 641 784 681 lacrumas
813 637 1046 679 effundere
1074 638 1211 679 bilem

96 705 281 762 Cogaris
309 722 553 764 pressoque
579 708 655 749 dju
697 706 886 749 stridere
922 706 1099 748 molari.

1411 703 1490 746 160

98 773 175 815 Tu
202 775 282 816 tibi
309 775 424 817 liber
451 775 586 816 homo
613 784 657 816 et
686 774 804 831 regis
844 775 1035 816 conviva
1067 773 1252 815 videris.

96 841 293 898 Captum
318 851 363 884 te
392 842 552 884 nidore
581 858 686 884 suae
720 851 847 898 putat
885 842 960 883 ille
1004 842 1209 883 culinae:

96 910 192 952 Nec
220 910 338 951 male
366 910 598 953 coniectat.

662 909 779 966 Quis
810 910 934 951 enim
961 918 1054 951 tam
1083 909 1254 958 nudus,
1281 914 1333 948 ut
1358 906 1492 948 illum

96 977 172 1019 Bis
197 977 337 1031 ferat,
366 978 609 1019 Etruscum
634 993 778 1035 puero
808 977 844 1019 si
873 978 1059 1034 contigit
1083 991 1246 1018 aurum

98 1043 185 1087 Vel
211 1044 352 1087 nodus
379 1054 557 1087 tantum
587 1054 631 1088 et
654 1046 835 1101 signum
864 1045 918 1086 de
953 1060 1156 1102 paupere
1192 1043 1323 1085 loro?

1412 1041 1492 1085 165

97 1110 209 1168 Spes
236 1112 352 1154 bene
381 1113 599 1155 coenandi
624 1125 703 1154 vos
735 1113 916 1170 decipit.
976 1113 1093 1154 Ecce
1129 1112 1248 1153 dabit
1287 1111 1379 1152 iam

98 1177 334 1222 Semesu'm
366 1181 570 1239 leporem
598 1190 728 1237 atque
760 1180 925 1236 aliquid
969 1180 1022 1221 de
1051 1179 1257 1220 clunibus
1291 1178 1404 1235 apri·

100 1246 172 1290 Ad
191 1264 272 1290 nos
297 1251 389 1291 iam
417 1250 571 1292 veniet
593 1249 746 1290 minor
773 1248 920 1289 altilis.
977 1247 1087 1289 Inde
1114 1255 1270 1304 parato

99 1314 357 1372 Intactoque
384 1307 539 1359 ornnes
575 1326 616 1359 et
646 1317 799 1359 stricto
833 1330 952 1373 pane
986 1315 1154 1356 tacetis.

101 1383 181 1425 Ille
205 1384 344 1441 sapit,
377 1385 452 1441 qui
478 1394 523 1427 te
551 1386 613 1427 sic
642 1385 802 1426 utitur.

638 1451 915 1494 Pulsandum
947 1451 1116 1492 vertice
1144 1464 1245 1490 raso

101 1450 149 1494 Si
177 1460 303 1508 potes
316 1484 327 1504 ‚
359 1461 402 1494 et
419 1453 579 1495 debes.

862 1383 1027 1425 Omnia
1066 1382 1188 1423 ferre
1416 1395 1433 1423 1
1442 1393 1493 1432 7ο

100 1517 336 1562 Praebebis
367 1520 635 1577 quandoque
672 1528 807 1577 caput
833 1533 917 1560 nec
946 1518 1060 1560 dura
1086 1517 1268 1559 timebis

100 1585 263 1644 Flagra
286 1588 407 1645 pati,
435 1588 506 1630 hjs
534 1589 679 1646 epulis
707 1599 752 1631 et
776 1589 854 1631 tali
884 1588 1043 1643 dignus
1081 1586 1240 1626 amico.

150 1718 226 1753 154.
239 1719 435 1765 flagellum
455 1732 509 1754 22.
529 1730 563 1753 at
581 1721 766 1754 v.Co1n.m.
825 1720 970 1753 Gruteri
1013 1719 1121 1751 Inscr.
1155 1730 1190 1762 p.
1236 1716 1315 1750 350.
1350 1717 1415 1750 lin.
1459 1715 1495 1751 5.

155 1778 231 1811 155.
254 1777 391 1810 Discat
407 1776 462 1810 26.
491 1796 535 1801 -—
559 1777 701 1810 hirsuto
729 1795 769 1803 -

77 1857 84 1859 ῃ
106 1834 255 1878 Capella
269 1846 298 1866 1.
321 1836 434 1877 (cuius
453 1842 544 1866 certe
564 1836 679 1876 glossa
700 1842 766 1866 est:

105 1902 131 1924 a
159 1902 244 1924 sene
274 1892 455 1936 magistro
483 1892 768 1935 campidoctore)

108 1960 162 1994 70.
184 1958 218 1981 et
238 1948 321 1981 edit.
344 1948 532 1987 Maittarii‚
558 1947 658 1990 prob.
683 1947 772 1978 Sca-

107 2008 190 2049 lig„
215 2006 397 2045 Schurzfl„
418 2004 614 2038 Lindeubr.
634 2012 668 2035 et
677 2004 771 2046 Lips.

104 2064 185 2097 Mil.
211 2064 311 2095 Rom.
344 2061 376 2103 5,
412 2062 463 2094 14.
519 2062 611 2094 Huic
651 2069 770 2093 tamen

110 2119 258 2163 Capella
277 2121 433 2153 lanistae>
453 2131 584 2152 nomen
617 2129 687 2149 esse
715 2119 772 2149 vi-

109 2165 275 2217 debatur,
323 2177 418 2219 quod
450 2170 634 2219 flagellum
661 2176 770 2207 militi

108 2245 180 2266 non
202 2236 280 2266 satis
303 2236 522 2276 convenil-&3
548 2235 620 2265 illis
640 2244 771 2264 nomen

111 2292 324 2324 centurionis
374 2292 431 2322 vel
490 2290 772 2332 campidoctoris.

111 2347 194 2381 Noti
216 2356 297 2379 sunt
324 2349 443 2390 plures
471 2346 661 2391 Capellae,
693 2358 723 2378 v.
744 2359 773 2379 c.

110 2406 309 2438 Marcianus
332 2404 371 2438 C.
393 2417 433 2437 ex
445 2405 584 2437 Fabric.
602 2405 691 2437 bibl.
712 2406 773 2436 lat.

112 2463 147 2503 ὅ,
194 2473 245 2506 17.
304 2462 462 2495 Statilius
506 2462 545 2493 C.
589 2474 630 2494 ex
675 2461 773 2493 Suet.

112 2519 219 2562 vesp.
250 2519 282 2551 5.
315 2527 416 2561 poeta
447 2531 488 2552 ex
517 2518 621 2559 Ovid.
641 2531 658 2550 e
686 2518 724 2550 P.
741 2518 774 2558 4,

118 2575 171 2609 16.
205 2584 320 2608 orator
360 2586 400 2607 ex
423 2575 603 2619 Lamprid.
633 2574 774 2607 comm.

119 2644 151 2668 ι.
183 2634 313 2677 aliique
354 2643 396 2665 ex
428 2632 578 2666 Martial-
615 2644 676 2676 11,
718 2632 774 2666 32.

827 1786 861 1809 ct
895 1779 941 1808 al.
1231 1804 1235 1805 ⁷

877 1833 950 1866 158.
977 1832 1156 1876 plorante
1181 1830 1276 1877 gula
1297 1829 1421 1862 melior
1443 1829 1496 1864 14.

832 1891 881 1924 16.
905 1902 958 1923 20.
981 1889 1075 1935 gula
1100 1889 1186 1920 est?
1214 1899 1301 1933 ergo
1330 1887 1376 1919 15.
1399 1885 1498 1929 quod.

830 1947 982 1979 arridere
1001 1954 1128 1989 potest.
1180 1945 1251 1976 Sed
1269 1943 1362 1976 wad
1376 1955 1405 1983 1,
1421 1943 1498 1977 151·

827 2021 832 2025 ·
881 2003 954 2047 167.
982 2008 1049 2034 aut
1070 2002 1287 2047 aliquidillk.
1312 2012 1363 2044 19.
1382 2004 1449 2033 20?

879 2060 954 2094 168.
980 2071 1046 2092 vos
1070 2060 1119 2092 13.
1141 2059 1194 2092 15.
1211 2058 1254 2091 25
1275 2071 1293 2089 a
1313 2070 1361 2090 m.
1384 2064 1499 2091 sec-et

830 2119 875 2150 al.
894 2131 924 2150 v.
946 2116 1145 2149 Markland.
1171 2115 1214 2147 ad
1234 2115 1321 2147 Stat.
1353 2127 1387 2157 p.
1419 2113 1498 2149 255.

828 2187 900 2218 seq.
929 2184 961 2207 et
992 2172 1160 2207 Oudend.
1192 2174 1229 2204 in
1272 2174 1372 2204 misc.
1406 2172 1498 2205 obss.
1551 2186 1553 2188 ’

828 2246 862 2265 11.
883 2233 924 2265 T.
948 2231 993 2264 X.
1025 2244 1059 2274 p.
1089 2229 1157 2262 ‚65.

879 2287 1109 2333 lfigsiacetis
1128 2288 1218 2318 coni.
1237 2284 1408 2317 Lubinus.

882 2358 954 2390 171.
985 2343 1177 2388 Qaipotes
1201 2341 1252 2374 16.
1300 2340 1360 2372 Sic
1381 2346 1498 2384 pote-r

830 2405 887 2448 47.
903 2422 949 2428 —
968 2409 1010 2435 ut
1034 2401 1140 2434 debes
1163 2398 1304 2431 emend.
1329 2397 1498 2434 Graevius

831 2470 965 2506 putans,
993 2460 1158 2502 copulam
1181 2457 1223 2488 ab
1243 2456 1276 2486 h.
1301 2457 1326 2487 l.
1346 2456 1500 2488 {alienam

833 2530 920 2551 esse.
947 2518 1138 2548 Enimvero
1160 2519 1196 2546 et
1213 2524 1277 2556 pro
1297 2513 1408 2546 etiam
1428 2524 1503 2556 po-

831 2577 960 2614 situm,
994 2581 1027 2604 et
1053 2574 1101 2605 sic
1129 2571 1300 2603 sententia
1322 2571 1501 2615 aptissima.

834 2640 884 2664 est
907 2639 1009 2674 atque
1028 2629 1243 2674 gravissima.

606 2746 1009 2765 ψ
