1759 3029
500 150 971 193 ROMANORVM

1386 168 1434 198 u

53 270 231 308 mixtura
265 268 470 305 variarum
493 280 656 315 rerum,
711 266 778 305 vel
808 269 1060 318 argumenti,
1100 269 1168 307 vel
1193 276 1433 322 metrorum,

49 334 115 374 vel
139 335 336 373 sermonis
365 335 516 385 poetici
545 341 587 372 et
614 333 825 385 pedestris.
856 335 991 384 Quam
1027 336 1311 388 etymologiam
1341 350 1433 378 om-

46 402 167 440 nibus
192 402 348 439 Satirae
376 401 585 439 Romanae
614 403 825 452 speciebus
851 398 1183 456 (antiquissimae,
1210 403 1432 456 Ennianae,

45 468 286 507 Lucilianae
313 475 354 507 et
379 469 660 507 varronianae
686 466 738 521 36)
784 483 1009 521 congruere
1043 469 1211 520 dicunt,
1263 486 1433 526 eamque

44 536 211 575 firmant
238 543 326 575 tum
352 537 488 574 verbis
517 537 657 575 Iuven.
688 537 721 587 I,

47 667 104 688 cra
129 655 291 688 miscella
314 663 482 688 vocantur
508 654 711 701 πάγκαρπος

43 714 156 745 θυσία
198 721 232 744 et
256 714 484 757 πανσπερμία,
520 714 579 745 aut
618 725 710 745 πυα-

42 770 100 801 vla
120 771 175 801 vel
195 771 379 813 πυανεψιά,
419 780 529 811 quum
551 771 709 811 legumi-

41 826 147 858 nibus
174 826 278 858 fiebat
307 837 464 867 sacrum3
500 828 588 858 item
618 826 710 871 εἰρε-

43 880 162 925 σιώνη.
210 883 325 915 Latini
344 894 424 915 vero
446 884 563 915 lances
582 884 630 914 ita
647 894 708 914 re·-

41 940 147 972 sertas
160 941 330 972 variarum
350 952 471 973 rerum
493 942 591 983 copia
621 939 708 971 lan—

42 1009 102 1029 ces
133 1003 294 1037 saturas,
325 997 381 1029 vel
409 999 528 1040 simpl.
556 1003 709 1029 saturas

41 1055 276 1096 appellarunt.
310 1054 424 1086 Satur
439 1055 534 1085 enim
553 1065 616 1097 pro
626 1055 707 1097 ple—

40 1121 87 1144 no
121 1119 154 1143 et
186 1112 241 1143 cui
268 1111 359 1143 nihil
395 1110 529 1143 deesset
555 1123 705 1154 usurpa-

41 1168 148 1202 bant:

39 1226 296 1270 perfectionem
313 1224 403 1256 nihil
424 1224 537 1264 deest,
565 1223 704 1267 quando

40 1283 122 1316 lana
151 1283 308 1314 colorem
326 1279 529 1314 δευσοποιὸν
550 1281 705 1314 imbibit.

193 1170 243 1201 sic
271 1166 372 1199 color
400 1173 523 1210 satur,
578 1171 633 1200 cui
660 1166 705 1199 ad

39 1339 70 1373 A
86 1339 318 1373 similitudine
341 1338 443 1371 huius
468 1339 577 1370 lancis
599 1340 704 1370 etiam

40 1397 191 1429 aliarum
216 1407 337 1428 rerum
354 1397 523 1427 mixturas
541 1395 704 1438 appella-

38 1462 123 1486 runt
150 1459 311 1486 saturas.
368 1454 512 1488 Verrius
538 1452 702 1484 Flaccus:

39 1510 179 1542 Satura
200 1509 274 1542 cibi
287 1521 420 1556 genu-5,
445 1521 489 1541 ex
513 1509 627 1541 variis·
644 1520 704 1541 re—

39 1566 107 1599 bus
126 1567 321 1599 conditum.
354 1567 428 1599 Hoc
453 1577 592 1608 quoque
611 1565 703 1597 ube-

409 1622 611 1666 Quoddam,
643 1624 703 1653 in·-

42 1683 130 1725 quit,
147 1691 265 1724 genus
273 1680 486 1725 farciminis
505 1678 627 1711 multis
643 1689 702 1710 re·-

40 1736 108 1770 hus
125 1736 293 1782 refertum
302 1736 474 1768 Saturam
495 1734 585 1767 dicit
605 1733 641 1765 V
639 1744 703 1765 ar-

39 1805 80 1826 ro
107 1794 320 1826 vocitatum.
372 1793 442 1825 Est
479 1797 599 1823 autem
632 1790 703 1823 lzoc

32 1851 198 1896 positum
237 1849 275 1881 in
309 1848 359 1881 II
381 1847 471 1880 libro
501 1846 702 1879 Plautina-

465 1905 605 1936 Satura
631 1909 699 1944 est,

39 1626 113 1656 rius
142 1624 346 1656 Diomedes.

38 1919 116 1941 rum
143 1907 405 1952 quaestionum.

38 1963 102 1997 ubi
117 1975 187 1996 uva
201 1974 323 2007 passa
343 1969 380 1996 et
390 1962 548 2006 polenta
573 1967 610 1994 et
630 1971 702 1993 nu-

39 2022 107 2055 clei
123 2021 230 2066 pinei
257 2033 301 2053 ex
345 2018 459 2053 mulso
498 2018 702 2063 conspersi:

39 2079 92 2112 ad
109 2078 199 2111 haec
216 2077 283 2110 alii
308 2077 452 2110 addunt
475 2083 512 2109 et
535 2077 578 2109 de
604 2074 700 2107 malo

30 2135 170 2182 punico
185 2143 322 2180 grana.
370 2134 428 2165 Sic
450 2141 483 2166 et
497 2144 596 2165 voces
613 2142 703 2164 παν-

39 2193 190 2237 σπερμία
214 2200 247 2224 et
274 2188 475 2235 πάγκαρπος
507 2189 704 2232 quamlibet

40 2251 251 2282 mixtionem
293 2260 311 2279 e
338 2249 461 2279 multis
491 2247 701 2288 diversisque

12 2306 148 2339 ‘rebus
182 2318 222 2338 ae
252 2304 401 2337 κυκεῶνα,
429 2303 615 2337 denotant:
657 2320 704 2328 --

45 2371 80 2396 et
99 2374 210 2405 quum
236 2364 273 2395 in
299 2363 377 2394 foro
398 2363 494 2404 leges
521 2363 622 2393 unica
642 2371 704 2392 ro—

42 2421 182 2463 gatione
203 2419 406 2451 ferebantur
428 2419 627 2450 multorum
644 2429 704 2449 ca—

40 2478 169 2520 pitum,
194 2483 253 2508 aut
273 2484 403 2508 veteres
428 2476 523 2518 leges
543 2476 705 2518 interpo-

41 2533 206 2565 labantur
223 2531 415 2566 adiectione
446 2544 618 2565 novorum
644 2544 706 2563 ca·-

43 2591 170 2634 pitum,
188 2594 338 2621 saturas
353 2589 523 2622 vocabant
537 2589 571 2621 h.
584 2601 614 2621 e.
633 2590 706 2621 mi—

43 2647 184 2686 ascellas,
212 2645 392 2688 quomodo
417 2659 436 2677 a
453 2645 544 2678 ICtis
565 2647 623 2677 lex
643 2646 707 2678 Iu-

45 2702 95 2736 lia
114 2702 220 2747 Papia
238 2702 397 2748 Poppaea
414 2704 615 2737 nominatur
639 2703 709 2736 mi-

752 539 816 576 85,
849 537 915 576 86.

766 656 890 698 scella,
922 659 1004 699 quia
1031 665 1065 689 et
1090 658 1205 690 multa
1236 667 1271 690 et
1298 657 1432 694 diversa

765 716 876 758 capita
906 714 1118 747 continebat.
1186 716 1278 748 Hine
1308 725 1433 751 natum.

765 772 1008 814 proverbium,
1038 782 1107 815 per
1132 778 1299 805 saturam
1315 772 1432 818 legem

754 827 867 872 ferre,
901 839 1012 870 quum
1034 829 1176 871 raptim,
1203 841 1317 871 neque
1341 833 1430 863 viri-

766 887 830 916 tim
849 884 951 917 dictis
968 887 1148 917 sententiis
1171 886 1306 928 aliquid
1323 899 1429 920 sena·-

764 948 857 973 tores
886 940 1143 985 decernebant3
1205 952 1238 975 et
1267 953 1306 976 ut
1334 945 1430 988 apud

763 997 908 1030 Festum
948 1000 1107 1041 loquitur
1132 999 1285 1041 Laelius,
1320 1001 1432 1046 quasi

755 1064 825 1098 per
844 1061 1007 1087 saturam
1035 1057 1229 1090 sententiis
1264 1059 1428 1103 exquisi-

762 1113 824 1144 tis.
873 1111 948 1156 (Cf.
978 1112 1096 1146 Crenii
1115 1122 1187 1147 not.
1215 1114 1258 1147 ad
1278 1113 1426 1150 Casaub.

761 1181 795 1212 p.
816 1169 891 1203 253.
909 1168 987 1204 254.
1014 1169 1087 1203 VV.
1105 1171 1183 1204 DD.
1215 1171 1259 1203 ad
1281 1171 1429 1206 Sallust.

762 1226 796 1258 h.
818 1227 894 1269 Iug.
917 1239 947 1259 c.
970 1238 1025 1271 29.
1046 1235 1081 1259 et
1093 1226 1232 1260 Ernesti
1252 1230 1337 1261 clav.
1353 1228 1429 1264 Cic.

762 1283 806 1315 ad
818 1283 1269 1329 leg.CaeciliamKDidiam.)
1281 1303 1318 1311 -
1330 1286 1429 1319 Lau-

762 1340 865 1373 datur
883 1342 989 1373 etiam
1000 1339 1158 1373 Laetam.
1168 1341 1194 1383 I,
1204 1353 1259 1374 21.
1272 1343 1428 1375 Pescen-

760 1399 839 1429 nius
860 1397 981 1429 Festus
1003 1398 1040 1428 in
1059 1397 1160 1429 libris
1177 1399 1429 1433 Historiarum

751 1465 822 1497 per
831 1460 995 1486 suturam
1004 1466 1019 1491 ;
1041 1455 1108 1487 hoc
1120 1463 1181 1496 est,
1190 1464 1228 1488 ut
1240 1455 1365 1489 Graeci
1375 1459 1428 1490 si-

759 1512 864 1543 miles
882 1511 993 1543 libros
1007 1511 1197 1543 inscribere
1210 1512 1319 1554 soliti,
1331 1515 1428 1547 Ποι-

759 1568 855 1609 κίλης
874 1568 1038 1610 ἱστορίας,
1057 1569 1111 1599 vel
1125 1567 1351 1611 Ἀμαλθείας
1370 1573 1429 1604 κε’-

758 1635 832 1668 ρας,
851 1631 910 1655 aut
937 1623 1014 1655 Τῶν
1028 1621 1207 1667 σποράδην
1224 1626 1428 1670 λεγομένων,

759 1688 818 1712 aut
839 1680 1003 1720 denique,
1023 1679 1202 1722 Sosipatro
1224 1682 1427 1725 interprete,

759 1735 963 1777 Πανὸέκτης
988 1736 1159 1780 ἱστοριῶν.
1212 1735 1360 1780 Propius
1381 1739 1427 1774 ad.

758 1803 884 1825 vocem
922 1791 1061 1822 Satura
1103 1803 1330 1836 accesserunt,
1363 1798 1427 1839 qui

758 1849 870 1880 libros
888 1859 968 1879 suos
989 1849 1242 1890 inscripserunt
1266 1853 1427 1891 Πίνακας

758 1904 792 1937 h.
807 1916 835 1936 e.
853 1905 981 1945 lances,
1015 1906 1152 1946 (immo
1180 1907 1346 1953 tabulas)
1367 1910 1426 1944 vel

757 1960 960 1994 Πινακίδια.
1022 1961 1184 2003 Quarum
1224 1964 1426 2011 ἐπιγραφῶν

758 2019 919 2061 exempla
958 2020 995 2051 in
1029 2018 1143 2051 Praef.
1172 2018 1280 2054 Plinii
1308 2031 1342 2054 et
1369 2035 1425 2067 ap.

758 2075 904 2108 Sueton.
922 2075 958 2107 in
982 2073 1127 2107 Aurelio
1148 2075 1270 2119 Opi120
1290 2077 1426 2113 Gram-

757 2134 932 2164 matico.“
978 2130 1058 2176 (Cf.
1077 2130 1173 2165 Gell.
1191 2133 1218 2174 I,
1241 2132 1290 2177 8.)

804 2189 848 2222 55
873 2189 927 2221 De
952 2188 1063 2221 Satira
1076 2188 1290 2224 Varroniana
1306 2203 1424 2224 sermo

759 2248 825 2279 erit
856 2248 892 2279 in
922 2249 1221 2279 commentatione
1249 2260 1322 2291 seq.
1369 2250 1424 2282 De

1271 2305 1343 2347 Qui
1361 2317 1426 2338 ve-

760 2373 799 2394 ro
825 2360 986 2392 Satiram
1013 2361 1093 2393 hinc
1116 2363 1164 2393 ita
1198 2360 1424 2404 definierunt,

759 2304 904 2346 reliquis
928 2305 1000 2335 iam
1026 2315 1129 2347 supra
1156 2306 1224 2346 egi.

760 2426 800 2450 ut
815 2419 863 2450 sit
882 2429 1036 2458 carmen,
1059 2420 1157 2450 cuius
1175 2426 1427 2460 argumentum

761 2476 935 2517 farragine
952 2475 1008 2507 vel
1025 2475 1179 2506 mixtura
1207 2474 1428 2508 diversorum

760 2533 928 2565 vitiorum
941 2533 1172 2571 contineatur,
1187 2535 1340 2565 nominis
1358 2544 1426 2577 po-

762 2591 832 2621 tius
861 2591 932 2620 vim
968 2597 1004 2620 et
1033 2588 1296 2633 etymologiam,
1322 2601 1441 2631 11an

764 2647 928 2679 carminis
979 2653 1139 2678 naturam
1185 2655 1430 2690 respexerunt3

765 2702 863 2746 quod
880 2709 974 2735 recte
993 2704 1065 2735 iam
1084 2704 1235 2748 explosit
1253 2703 1297 2738 D.
1316 2704 1429 2738 Hein-

898 2761 979 2800 da
