1759 3029
530 184 858 227 SATVIRA
928 186 980 226 X.

1383 193 1472 251 207

76 302 285 348 Latravit
316 305 460 356 rictu,
509 318 623 360 quae
657 311 766 362 post
800 300 925 346 hunc
959 307 1162 358 vixerat,
1194 320 1332 353 uxor.

26 397 30 401 ¹
73 373 256 417 Festino
290 374 346 415 ad
381 372 591 426 nostros{
635 381 680 414 et
710 387 866 428 regem
894 380 1077 415 transeo
1106 372 1246 416 Ponti

74 441 134 484 Et
171 441 415 494 Croesum,
453 455 589 497 quem
621 456 714 484 vox
743 444 852 483 iusti
882 441 1077 484 facunda
1106 440 1288 487 Solonis

72 510 315 568 Respice-re
350 512 405 553 ad
440 511 603 568 longae
641 514 771 552 iussit
803 514 948 568 spatia
978 511 1141 553 ultima
1176 515 1308 557 vitae.
1369 518 1466 580 275

70 578 300 621 Exsilium
333 587 378 621 et
407 593 561 622 carcer
600 578 1039 636 Minturnarumque
1074 579 1265 636 paludes

68 645 131 689 Et
161 649 442 691 mendicatus
477 652 594 690 victa
631 647 908 704 Carthagine
944 652 1075 705 panis

68 715 193 758 Hinc
227 731 380 759 causas
413 716 623 759 habuere.

692 716 813 768 Quid
849 718 931 759 illo
972 720 1068 760 cive
1101 716 1285 760 tulisset

70 784 248 827 Natura
279 788 332 826 ‘in
365 789 526 837 terris,
564 786 674 841 quid
707 784 858 827 Roma
889 785 1062 828 beatius
1094 794 1333 843 umquam,'

69 852 119 894 Si
153 855 465 896 circumducto
498 857 788 910 captivorum
820 857 1000 909 agmine
1036 863 1081 896 et
1108 859 1237 897 omni

1368 857 1466 903 280

68 920 308 963 Bellorum
336 937 508 979 pompa
548 926 747 964 animam
778 922 1037 964 exhalasset
1068 927 1286 981 opimam,

66 989 225 1042 Quum
255 991 310 1032 de
344 991 600 1033 Teutonico
632 992 774 1033 vellet
808 993 1082 1034 descendere
1119 996 1293 1039 curru?

39 1056 263 1101 ‚Provida
291 1057 511 1117 Pompeio
539 1060 725 1102 dederat
754 1059 1001 1118 Campania
1036 1060 1183 1104 febres

65 1127 328 1185 Optandas:
361 1130 439 1170 sed
477 1129 650 1170 multae
683 1129 818 1171 urbes
852 1137 897 1171 et
932 1130 1117 1187 publica
1150 1140 1258 1175 vota

64 1195 306 1239 Vicerun't.

64 1265 305 1308 Servatum
338 1270 460 1309 victo
502 1274 639 1323 caput
673 1267 872 1309 abstulit.

373 1196 521 1254 Igitur
555 1195 758 1240 Fortuna
795 1201 937 1255 ipsius
975 1207 1019 1239 et
1055 1198 1195 1241 Urbis

1364 1205 1464 1250 285

944 1265 1048 1310 Hoc
1079 1271 1284 1311 cruciatu

63 1333 315 1385 Lentulus,
361 1334 446 1377 hac
484 1350 635 1393 poena
668 1339 815 1378 caruit
851 1337 1099 1392 ceciditque
1133 1334 1361 1396 Cethegus

63 1402 274 1459 Integer,
312 1412 357 1445 et
391 1407 528 1446 iacuit
563 1403 762 1446 Catilina
798 1406 1013 1447 cadavere
1050 1412 1164 1447 toto.

159 1471 373 1515 Formam
407 1480 537 1530 optat
569 1475 749 1516 modico
785 1477 964 1530 pueris,
1002 1477 1174 1515 maiore
1206 1476 1375 1533 puellis

62 1539 323 1592 Murmure,
339 1557 482 1598 quum
492 1540 691 1584 Veneris
706 1542 864 1584 fanum
878 1544 1000 1584 videt
1012 1546 1147 1584 auxia
1160 1552 1321 1598 mater,
1364 1560 1387 1588 2
1397 1559 1458 1605 90

62 1608 222 1665 Usque
258 1612 313 1652 ad
351 1611 530 1652 delicias
564 1618 793 1653 votorum.

400 1677 566 1720 Pulcra
598 1680 760 1734 gaudet
794 1677 974 1721 Latona
1005 1678 1165 1721 Diana.

62 1676 296 1734 Corripias
310 1678 330 1719 ⁷?

865 1609 961 1652 Cur
995 1619 1150 1652 tamen
1161 1645 1172 1664 ,
1206 1616 1372 1670 inquit,

60 1745 147 1787 Sed
178 1753 300 1788 vetat
337 1750 488 1803 optari
521 1745 680 1787 faciem
720 1745 959 1799 Lucretia,
998 1748 1181 1802 qualem

60 1813 164 1872 Ipsa
198 1814 378 1856 habuit:
438 1822 626 1872 cuperet
660 1813 846 1857 Rutilae
878 1813 1093 1871 Virginia
1137 1816 1324 1872 gibbum

107 1991 187 2034 274.
213 1990 304 2022 iusti
322 2002 424 2035 quem
442 2001 516 2022 vox
538 1990 588 2023 1-4.
613 1991 664 2023 15.
681 2001 731 2034 17.

68 2046 121 2083 18.
151 2060 201 2079 so.
222 2059 278 2080 21.
303 2045 543 2091 iustzstcanda
571 2048 604 2080 8.
636 2048 730 2080 unde

60 2115 133 2143 uox
150 2115 235 2136 mox
260 2103 501 2147 iustfficonda
528 2107 619 2137 coni.
639 2105 729 2137 Pith.

59 2163 121 2208 quiv
141 2169 259 2194 tamen
291 2172 384 2194 recte
415 2163 583 2204 praetulit
601 2164 730 2206 vulga·—

61 2226 134 2252 tam
156 2220 238 2252 lect.

106 2297 185 2331 277.
217 2286 453 2332 Karthagine
478 2296 495 2319 »ι
506 2298 535 2318 1.
556 2286 608 2319 18.
629 2298 659 2318 v.
683 2286 727 2319 ad

61 2340 120 2384 VI,
155 2355 228 2387 17¹·

107 2410 186 2443 280.
213 2411 438 2444 circumdato
464 2422 519 2444 21.
540 2422 595 2445 22.

108 2490 188 2524 281.
212 2489 265 2522 De
285 2490 381 2522 hiatu
408 2503 438 2524 v.
458 2491 502 2524 ad
521 2491 556 2532 1,
582 2491 657 2524 151.

105 2569 184 2604 284.
210 2569 399 2612 Epitheton
410 2570 544 2603 multae
557 2571 724 2612 languere

63 2626 97 2659 h.
116 2628 139 2660 1.
156 2638 269 2669 neque
288 2627 463 2660 festivitati
491 2636 615 2670 poetae
635 2639 726 2660 con·

788 1989 919 2023 Vellei.
939 1989 1012 2024 Pat.
1025 1991 1147 2035 p.231⁸.
1174 1993 1266 2026 coni.
1282 1998 1459 2036 moestae,

788 2047 844 2080 hic
869 2059 949 2079 vero
980 2050 1017 2080 in
1054 2050 1166 2081 literis
1204 2050 1248 2082 ad
1285 2062 1343 2083 me
1369 2051 1459 2085 datis

778 2104 930 2148 pullae,
955 2117 1042 2147 quae
1063 2118 1129 2138 xox
1147 2108 1356 2139 insolentior
1373 2110 1457 2150 quj-

788 2160 884 2200 dem,
900 2161 962 2193 sed
988 2172 1021 2194 et
1040 2165 1190 2196 iocosior
1213 2164 1323 2197 videri
1342 2173 1459 2208 potest

782 2220 919 2261 vulgari
940 2219 1132 2263 pullatae,
1185 2233 1251 2265 qua
1282 2222 1458 2256 Iuvenalis

783 2288 858 2319 sup.
884 2276 944 2318 111,
970 2290 986 2309 2
1014 2278 1045 2310 3.
1068 2281 1189 2311 utitur.

785 2333 933 2375 quidem
971 2336 1252 2370 emendationes:
1291 2336 1354 2368 sed
1381 2348 1455 2370 non

1246 2280 1457 2322 Ingeniosae

784 2390 905 2430 video,
933 2403 994 2423 cur
1012 2394 1152 2435 vulgata
1175 2394 1280 2425 lectio
1301 2395 1455 2435 langue—

785 2455 841 2489 at,
876 2460 963 2490 qnae
991 2451 1108 2491 potius
1147 2449 1189 2480 ad
1228 2450 1453 2493 magnitudi-

783 2516 867 2537 nem
890 2504 1049 2548 Pompeii
1075 2505 1324 2540 declarandam
1351 2508 1453 2540 mul-

783 2569 861 2593 tum
882 2563 985 2594 valet.
1014 2560 1069 2593 Cf.
1089 2561 1231 2596 comm.

831 2642 906 2673 290.
933 2629 995 2662 ubi
1010 2641 1075 2672 pro
1085 2642 1191 2676 quum
1210 2631 1261 2665 18.
1275 2632 1452 2666 46.480-

60 2692 268 2717 sentaneum
289 2695 378 2724 esse,
413 2685 582 2726 putabant
600 2686 726 2717 Ruhn-
772 2686 909 2733 fanum
935 2687 1085 2719 Veneris
1119 2688 1174 2722 24.

63 2738 141 2774 ken.
161 2749 194 2774 et
214 2741 340 2775 Herel:
367 2750 577 2785 quapropter
596 2742 660 2775 ine
680 2743 725 2775 ad

828 2754 905 2787 292.
920 2743 1050 2789 puella
1067 2756 1131 2789 pro
1147 2746 1279 2779 Diana
1302 2745 1353 2778 18.
