1759 3029
214 177 420 203 Lxxxvxu
486 163 578 203 DE
618 162 757 202 SAT.
792 162 1056 202 LVCILII
1091 161 1384 204 HORATII

326 279 492 316 Persius
518 283 736 329 praecepta
768 291 813 315 ac
834 278 916 315 tela
936 283 1097 316 tantum
1134 291 1217 316 non
1253 279 1388 316 omnia
1425 293 1478 317 ex
1500 293 1601 331 por-

220 347 308 383 ticu
338 347 442 396 petit
474 352 513 383 et
541 344 695 383 schola:
726 335 922 382 Horatius
956 352 996 382 et
1032 345 1235 383 Iuvenalis
1267 359 1318 383 ex
1343 340 1604 398 philosophia

216 426 315 450 vera
349 419 389 450 et
422 413 630 465 populari,
661 425 761 464 quae
809 426 862 449 ex
892 413 1020 450 multa
1038 426 1177 450 rerum
1210 413 1461 464 experientia
1483 420 1605 465 atque

216 480 417 518 interiore
457 480 615 531 generis
674 479 908 530 ingeniique
962 479 1131 517 humani
1185 480 1417 531 cognitione
1462 480 1604 518 hausta

219 554 302 595 est,
332 554 373 584 et
405 548 453 584 ad
488 552 743 599 praesentem
773 546 838 583 vel
869 547 993 585 animi
1029 561 1191 585 sensum
1211 577 1222 595 ,
1251 547 1318 584 vel
1338 561 1475 585 rerum
1503 562 1606 585 con—

219 614 437 662 ditionem,
460 616 528 652 vel
568 614 749 651 indolem
795 615 1021 663 argumenti
1067 629 1108 652 se
1143 621 1182 652 et
1211 614 1362 652 iudicia
1383 629 1453 652 sua
1491 629 1605 653 com-
1651 635 1653 637 ·

215 683 346 734 ponit.
418 683 493 719 Ille
531 695 649 718 caeco
683 681 792 717 vitae
838 694 882 717 ac
915 680 1153 733 disciplinae
1197 682 1430 719 Stoicorum
1469 696 1608 720 amore

217 756 358 800 capum
391 763 473 798 non
495 748 633 790 videt,
667 746 763 799 quid
801 747 843 784 in
875 745 950 784 hac
985 748 1052 785 vel
1088 739 1158 785 illa
1194 748 1412 799 displicere
1456 751 1607 799 possit:

217 814 280 854 his
325 806 684 868 philosophorum,
720 815 939 866 praecipue
981 815 1216 853 Stoicorum
1263 815 1607 867 Cynicorumque,

216 897 376 927 mores,
417 883 597 930 habitus,
636 882 863 933 paradoxa,
903 883 1100 932 argutiae,
1142 884 1390 932 arrogantia,
1430 882 1610 921 dissimi-

214 949 314 988 laiio
348 951 503 1002 aliaque
538 950 639 987 vitia
671 949 823 999 largam
865 947 1029 986 ridendi
1064 949 1350 1001 irascendique
1399 951 1611 989 materiam

215 1019 414 1069 praebent
450 1013 467 1036 ⁸
519 1017 634 1054 Illius
707 1016 1001 1065 argumentatio
1055 1023 1119 1053 est
1170 1017 1329 1054 subtilis
1383 1023 1425 1054 et
1482 1025 1611 1066 acuta,

216 1097 292 1122 nec
319 1086 397 1121 alte
419 1085 464 1122 in
477 1084 657 1121 animum
683 1083 957 1132 descendens,
987 1082 1136 1121 horum
1165 1083 1361 1134 simplex,
1392 1084 1441 1121 acl
1465 1087 1611 1123 unius-

217 1153 414 1203 cuiusque
450 1158 612 1203 captum
640 1164 845 1202 usumque
878 1150 1206 1198 accommodata,
1236 1151 1284 1187 ab
1322 1151 1410 1202 ipsa
1435 1153 1612 1190 veritate

217 1224 420 1269 suggesta,
457 1219 584 1256 menti
622 1220 786 1269 penitus
835 1219 965 1256 infixa
1011 1218 1182 1256 haerens
1229 1225 1269 1256 et
1309 1233 1396 1257 eam
1432 1220 1614 1258 suaviter

217 1286 407 1324 afficiens.
474 1286 643 1323 Horatii
686 1293 899 1336 praeterea
942 1285 1203 1337 philosophia
1254 1293 1315 1324 est
1372 1287 1443 1324 illa
1491 1288 1613 1335 vitae,

217 1367 320 1405 quae
368 1354 507 1401 docet,
565 1353 809 1404 potentiam,
859 1353 1045 1401 divitias,
1095 1360 1313 1392 externum
1356 1355 1616 1406 splendorem

218 1426 261 1457 et
292 1421 476 1471 vulgaria
504 1420 719 1457 hominum
758 1419 891 1457 studia
932 1426 1195 1457 contemnere
1238 1435 1282 1458 ac
1320 1421 1529 1471 deridere,
1556 1423 1617 1461 nil

218 1487 434 1535 admirari,
463 1486 502 1524 h.
537 1501 570 1524 e.
601 1487 720 1524 valde
755 1488 823 1525 vel
854 1494 1039 1524 metuere
1073 1488 1141 1524 vel
1177 1501 1352 1539 cupere,
1379 1488 1616 1540 tranquilli-

218 1561 339 1592 tatem
382 1555 554 1602 mentis,
596 1554 728 1591 otium
775 1560 817 1591 et
851 1554 1175 1592 mediocritatem
1208 1569 1391 1593 securam
1423 1555 1614 1605 hominis,

216 1633 302 1659 non
342 1622 383 1658 in
417 1621 531 1669 aula,
561 1620 630 1657 sed
663 1621 707 1657 in
738 1634 905 1658 recessu
933 1621 1063 1658 libere
1086 1635 1130 1658 ac
1166 1622 1244 1660 sibi
1274 1623 1470 1671 viventis,
1501 1638 1617 1661 sum-

217 1701 382 1726 morum
413 1688 615 1725 hommum
643 1687 734 1725 loco
774 1694 943 1739 putare,
983 1688 1106 1726 rebus
1142 1690 1252 1737 suis,
1293 1690 1414 1727 etiam
1447 1691 1617 1742 exiguis,

221 1761 461 1793 contentum
506 1769 616 1803 esse,
651 1754 936 1806 praesentibus
982 1754 1088 1792 laete
1134 1756 1242 1804 frui,
1277 1770 1360 1794 non
1391 1759 1618 1798 sollicitum

221 1822 272 1860 de
316 1823 491 1871 suturis,
525 1823 593 1860 vel
639 1822 821 1859 externis
872 1822 1099 1859 obnoxium
1162 1837 1268 1871 esse,
1308 1838 1440 1876 neque
1486 1833 1616 1875 extra,

220 1890 292 1927 sed
326 1891 434 1927 intra
471 1904 513 1927 se
547 1903 688 1926 veram
723 1902 917 1940 quaerere
943 1888 1207 1937 felicitatem,
1238 1890 1448 1930 fortunam
1480 1907 1503 1930 a
1522 1894 1616 1931 Deo

220 1963 362 2009 petere
381 1964 422 1994 et
441 1970 463 1993 a
486 1970 528 1993 se
561 1957 649 2008 ipso
685 1969 845 1993 sumere
868 1955 1105 2006 sapientiam
1131 1957 1335 2009 animique
1360 1960 1615 2011 aequitatem.

333 2024 553 2072 Horatius,
589 2030 635 2060 ut
663 2023 856 2061 ‘lectores
904 2027 947 2057 et
990 2023 1153 2060 suavius
1206 2025 1383 2064 afficeret
1409 2034 1449 2064 et
1487 2026 1616 2065 vehe-

223 2092 424 2139 mentius,
452 2091 592 2129 multis
633 2090 766 2127 satiris
805 2088 873 2126 vel
898 2089 1161 2139 epistolarum
1195 2093 1263 2129 vel
1293 2093 1505 2133 dramatici
1525 2110 1617 2134 car-

223 2160 345 2197 minis
396 2159 571 2197 sormam
610 2157 756 2195 induit.
824 2155 1054 2207 Utramque
1089 2159 1293 2198 rationem
1325 2163 1491 2214 sequuti
1523 2169 1620 2201 sunt

222 2226 388 2265 Persius
421 2232 462 2264 et
493 2226 709 2264 Iuvenalis.
768 2223 870 2271 Sed,
896 2229 943 2260 ut
979 2230 1155 2273 taceam,
1182 2228 1230 2264 ab
1262 2227 1324 2265 his
1357 2244 1480 2268 unam
1524 2237 1617 2268 tan—

224 2299 314 2331 tum
357 2295 607 2345 alteramque
657 2291 900 2330 sententiam
946 2298 986 2328 et
1022 2295 1253 2342 argumenti
1285 2303 1464 2346 partem,
1493 2312 1618 2337 num-

226 2374 346 2414 quam
383 2375 484 2399 vero
537 2359 642 2398 illud
680 2365 813 2397 totum
856 2358 902 2396 in
935 2357 1074 2397 drama
1111 2367 1152 2398 et
1181 2363 1384 2402 actionem
1419 2366 1619 2413 converti,

226 2478 318 2511 tare,
364 2471 454 2503 nihil
485 2471 595 2502 facete
629 2469 804 2511 illudere3
852 2469 889 2500 in
945 2476 1020 2510 set,
1052 2482 1147 2502 :nunc
1179 2473 1213 2503 in
1247 2473 1457 2507 cachinnum
1492 2474 1574 2508 abit.
1596 2476 1622 2495 “

224 2539 402 2561 summam
428 2528 596 2561 iux-ldiam
623 2536 742 2560 contra
773 2526 891 2558 addu-
947 2524 1087 2569 Koeuig
1110 2530 1134 2559 1.
1162 2529 1188 2560 1.
1212 2541 1247 2571 p.
1274 2529 1329 2572 87.

227 2586 284 2624 cit,
310 2596 398 2626 quae
424 2584 652 2628 vituperanda
678 2593 769 2626 sunt,
793 2585 892 2616 etri-
995 2583 1016 2615 8
1042 2596 1072 2616 v.
1099 2585 1217 2618 Iuven.
1244 2587 1316 2619 Sat.
1331 2587 1376 2619 II.
1390 2587 1554 2620 Wieland
1573 2586 1618 2619 ad

226 2653 285 2676 sus
318 2642 406 2673 lenis
443 2650 476 2673 et
510 2642 706 2683 iucundus,
752 2653 821 2684 quo
849 2641 892 2674 ab
950 2642 1071 2674 Horat.
1098 2642 1168 2675 Sat.
1205 2644 1230 2687 Ι,
1263 2644 1296 2678 5.
1331 2653 1364 2678 et
1392 2645 1513 2678 Mauso
1538 2645 1563 2677 l.
1590 2645 1618 2679 l.

227 2699 335 2732 animi
353 2700 573 2743 permotione
595 2699 686 2734 liber
707 2712 788 2735 usus
804 2701 896 2735 fuis-
950 2711 988 2744 p.
1008 2698 1073 2745 »169
1095 2711 1144 2743 sq.
1231 2700 1244 2705 ”
