<?xml version="1.0" encoding="UTF-8"?>
<!DOCTYPE html PUBLIC "-//W3C//DTD XHTML 1.0 Transitional//EN"
    "http://www.w3.org/TR/xhtml1/DTD/xhtml1-transitional.dtd">
<html xmlns="http://www.w3.org/1999/xhtml" xml:lang="en" lang="en">
 <head>
  <title>
</title>
<meta http-equiv="Content-Type" content="text/html;charset=utf-8" />
  <meta name='ocr-system' content='tesseract 3.04.00' />
  <meta name='ocr-capabilities' content='ocr_page ocr_carea ocr_par ocr_line ocrx_word'/>
</head>
<body>
  <div class='ocr_page' id='page_1' title='image "./satirae16adoptim01juveuoft/satirae16adoptim01juveuoft_0153.png"; bbox 0 0 1759 3029; ppageno 0'>
   <div class='ocr_carea' id='block_1_1' title="bbox 332 204 1471 247">
    <p class='ocr_par' dir='ltr' id='par_1_1' title="bbox 332 204 1471 247">
     <span class='ocr_line' id='line_1_1' title="bbox 332 204 1471 247; baseline -0.001 -2"><span class='ocrx_word' id='word_1_1' title='bbox 332 204 763 246; x_wconf 71' lang='lat' dir='ltr'>EDITIONVM</span> <span class='ocrx_word' id='word_1_2' title='bbox 820 204 1211 247; x_wconf 69' lang='lat' dir='ltr'>IVVENALIS</span> <span class='ocrx_word' id='word_1_3' title='bbox 1325 221 1471 247; x_wconf 73' lang='lat' dir='ltr'>cxmu</span> 
     </span>
    </p>
   </div>
   <div class='ocr_carea' id='block_1_2' title="bbox 75 318 1476 1996">
    <p class='ocr_par' dir='ltr' id='par_1_2' title="bbox 75 318 1476 1786">
     <span class='ocr_line' id='line_1_2' title="bbox 86 318 1473 372; baseline 0.001 -13"><span class='ocrx_word' id='word_1_4' title='bbox 86 320 287 370; x_wconf 54' lang='lat' dir='ltr'>1·um,2&#39;(v.</span> <span class='ocrx_word' id='word_1_5' title='bbox 320 334 352 358; x_wconf 81' lang='lat' dir='ltr'>c.</span> <span class='ocrx_word' id='word_1_6' title='bbox 398 319 552 358; x_wconf 77' lang='lat' dir='ltr'>scholia</span> <span class='ocrx_word' id='word_1_7' title='bbox 597 318 649 358; x_wconf 84' lang='lat' dir='ltr'>ad</span> <span class='ocrx_word' id='word_1_8' title='bbox 680 319 759 357; x_wconf 81' lang='lat' dir='ltr'>Sat.</span> <span class='ocrx_word' id='word_1_9' title='bbox 794 319 847 367; x_wconf 79' lang='lat' dir='ltr'>V,</span> <span class='ocrx_word' id='word_1_10' title='bbox 894 332 954 368; x_wconf 88' lang='lat'>17.</span> <span class='ocrx_word' id='word_1_11' title='bbox 993 320 1122 372; x_wconf 74' lang='lat' dir='ltr'>VIII,</span> <span class='ocrx_word' id='word_1_12' title='bbox 1165 335 1252 372; x_wconf 77' lang='lat'>170.</span> <span class='ocrx_word' id='word_1_13' title='bbox 1291 322 1368 370; x_wconf 81' lang='lat' dir='ltr'>XI,</span> <span class='ocrx_word' id='word_1_14' title='bbox 1408 325 1473 372; x_wconf 84' lang='lat'>87.</span> 
     </span>
     <span class='ocr_line' id='line_1_3' title="bbox 84 386 1474 440; baseline 0.002 -14"><span class='ocrx_word' id='word_1_15' title='bbox 84 389 201 436; x_wconf 69' lang='lat' dir='ltr'>XIV,</span> <span class='ocrx_word' id='word_1_16' title='bbox 236 390 298 432; x_wconf 85' lang='lat'>78.</span> <span class='ocrx_word' id='word_1_17' title='bbox 334 386 440 440; x_wconf 87' lang='grc'><strong>102.)</strong></span> <span class='ocrx_word' id='word_1_18' title='bbox 479 387 676 426; x_wconf 74' lang='lat' dir='ltr'>nonnulla</span> <span class='ocrx_word' id='word_1_19' title='bbox 718 387 841 424; x_wconf 81' lang='lat' dir='ltr'>etiam</span> <span class='ocrx_word' id='word_1_20' title='bbox 870 388 946 425; x_wconf 88' lang='lat' dir='ltr'>sibi</span> <span class='ocrx_word' id='word_1_21' title='bbox 975 402 1217 439; x_wconf 83' lang='lat' dir='ltr'>repugnare.</span> <span class='ocrx_word' id='word_1_22' title='bbox 1279 389 1474 429; x_wconf 83' lang='lat' dir='ltr'>Ceterum</span> 
     </span>
     <span class='ocr_line' id='line_1_4' title="bbox 83 453 1475 505; baseline 0.002 -11"><span class='ocrx_word' id='word_1_23' title='bbox 83 471 169 494; x_wconf 85' lang='lat' dir='ltr'>non</span> <span class='ocrx_word' id='word_1_24' title='bbox 212 455 412 505; x_wconf 86' lang='lat' dir='ltr'>diffiteor,</span> <span class='ocrx_word' id='word_1_25' title='bbox 458 454 712 494; x_wconf 81' lang='lat' dir='ltr'>Scholiasten</span> <span class='ocrx_word' id='word_1_26' title='bbox 760 453 1035 494; x_wconf 78' lang='lat' dir='ltr'>Pithoeanum</span> <span class='ocrx_word' id='word_1_27' title='bbox 1089 456 1216 494; x_wconf 76' lang='lat' dir='ltr'>fuisse</span> <span class='ocrx_word' id='word_1_28' title='bbox 1264 456 1475 497; x_wconf 57' lang='lat' dir='ltr'>hominvm</span> 
     </span>
     <span class='ocr_line' id='line_1_5' title="bbox 83 523 1476 576; baseline 0.002 -16"><span class='ocrx_word' id='word_1_29' title='bbox 83 523 270 572; x_wconf 83' lang='lat' dir='ltr'>doctum,</span> <span class='ocrx_word' id='word_1_30' title='bbox 322 524 392 575; x_wconf 84' lang='lat' dir='ltr'>qui</span> <span class='ocrx_word' id='word_1_31' title='bbox 440 530 481 560; x_wconf 80' lang='lat' dir='ltr'>et</span> <span class='ocrx_word' id='word_1_32' title='bbox 528 529 673 575; x_wconf 80' lang='lat' dir='ltr'>poetae</span> <span class='ocrx_word' id='word_1_33' title='bbox 725 524 875 574; x_wconf 81' lang='lat' dir='ltr'>passim</span> <span class='ocrx_word' id='word_1_34' title='bbox 932 530 1111 562; x_wconf 81' lang='lat' dir='ltr'>mentem</span> <span class='ocrx_word' id='word_1_35' title='bbox 1158 530 1272 562; x_wconf 86' lang='lat' dir='ltr'>reete</span> <span class='ocrx_word' id='word_1_36' title='bbox 1317 527 1476 576; x_wconf 85' lang='lat' dir='ltr'>ceperit</span> 
     </span>
     <span class='ocr_line' id='line_1_6' title="bbox 87 589 1474 643; baseline 0.002 -15"><span class='ocrx_word' id='word_1_37' title='bbox 87 591 344 643; x_wconf 86' lang='lat' dir='ltr'>multumque</span> <span class='ocrx_word' id='word_1_38' title='bbox 402 590 505 628; x_wconf 87' lang='lat' dir='ltr'>lucis</span> <span class='ocrx_word' id='word_1_39' title='bbox 549 589 751 630; x_wconf 63' lang='lat' dir='ltr'>assederit</span> <span class='ocrx_word' id='word_1_40' title='bbox 794 590 894 628; x_wconf 85' lang='lat' dir='ltr'>locis</span> <span class='ocrx_word' id='word_1_41' title='bbox 950 591 1106 643; x_wconf 83' lang='lat' dir='ltr'>aliquot</span> <span class='ocrx_word' id='word_1_42' title='bbox 1159 592 1365 639; x_wconf 81' lang='lat' dir='ltr'>obscuris,</span> <span class='ocrx_word' id='word_1_43' title='bbox 1434 600 1474 631; x_wconf 78' lang='lat' dir='ltr'>et</span> 
     </span>
     <span class='ocr_line' id='line_1_7' title="bbox 81 657 1474 711; baseline 0.001 -15"><span class='ocrx_word' id='word_1_44' title='bbox 81 661 211 697; x_wconf 77' lang='lat' dir='ltr'>varias</span> <span class='ocrx_word' id='word_1_45' title='bbox 277 658 568 697; x_wconf 81' lang='lat' dir='ltr'>memoraverit</span> <span class='ocrx_word' id='word_1_46' title='bbox 628 657 806 707; x_wconf 80' lang='lat' dir='ltr'>fabulas,</span> <span class='ocrx_word' id='word_1_47' title='bbox 846 658 1035 696; x_wconf 83' lang='lat' dir='ltr'>historias</span> <span class='ocrx_word' id='word_1_48' title='bbox 1089 664 1211 710; x_wconf 83' lang='lat' dir='ltr'>atque</span> <span class='ocrx_word' id='word_1_49' title='bbox 1259 661 1474 711; x_wconf 75' lang='lat' dir='ltr'><strong>opiniones</strong></span> 
     </span>
     <span class='ocr_line' id='line_1_8' title="bbox 85 725 1474 779; baseline 0 -15"><span class='ocrx_word' id='word_1_50' title='bbox 85 727 292 779; x_wconf 79' lang='lat' dir='ltr'>antiquas,</span> <span class='ocrx_word' id='word_1_51' title='bbox 323 740 424 778; x_wconf 85' lang='lat' dir='ltr'>qnae</span> <span class='ocrx_word' id='word_1_52' title='bbox 453 726 550 763; x_wconf 82' lang='lat' dir='ltr'>alibi</span> <span class='ocrx_word' id='word_1_53' title='bbox 585 725 736 763; x_wconf 76' lang='lat' dir='ltr'>frustra</span> <span class='ocrx_word' id='word_1_54' title='bbox 770 733 1032 777; x_wconf 83' lang='lat' dir='ltr'>quaeruntur.</span> <span class='ocrx_word' id='word_1_55' title='bbox 1094 727 1174 764; x_wconf 83' lang='lat' dir='ltr'>Sed</span> <span class='ocrx_word' id='word_1_56' title='bbox 1216 725 1326 765; x_wconf 89' lang='lat' dir='ltr'>idem</span> <span class='ocrx_word' id='word_1_57' title='bbox 1370 741 1474 779; x_wconf 83' lang='lat' dir='ltr'>quo-</span> 
     </span>
     <span class='ocr_line' id='line_1_9' title="bbox 84 792 1475 846; baseline 0 -14"><span class='ocrx_word' id='word_1_58' title='bbox 84 808 162 846; x_wconf 82' lang='lat' dir='ltr'>que</span> <span class='ocrx_word' id='word_1_59' title='bbox 192 800 307 832; x_wconf 83' lang='lat' dir='ltr'>recte</span> <span class='ocrx_word' id='word_1_60' title='bbox 341 793 443 832; x_wconf 82' lang='lat' dir='ltr'>mihi</span> <span class='ocrx_word' id='word_1_61' title='bbox 477 792 727 831; x_wconf 74' lang='lat' dir='ltr'>contendere</span> <span class='ocrx_word' id='word_1_62' title='bbox 768 792 933 841; x_wconf 79' lang='lat' dir='ltr'>videor,</span> <span class='ocrx_word' id='word_1_63' title='bbox 976 795 1153 845; x_wconf 85' lang='lat' dir='ltr'>primum</span> <span class='ocrx_word' id='word_1_64' title='bbox 1191 795 1311 845; x_wconf 76' lang='lat' dir='ltr'>longe</span> <span class='ocrx_word' id='word_1_65' title='bbox 1340 796 1475 846; x_wconf 79' lang='lat' dir='ltr'>pluri-</span> 
     </span>
     <span class='ocr_line' id='line_1_10' title="bbox 81 860 1475 913; baseline 0.001 -14"><span class='ocrx_word' id='word_1_66' title='bbox 81 875 165 899; x_wconf 82' lang='lat' dir='ltr'>mas</span> <span class='ocrx_word' id='word_1_67' title='bbox 196 861 281 899; x_wconf 85' lang='lat' dir='ltr'>eius</span> <span class='ocrx_word' id='word_1_68' title='bbox 311 861 604 913; x_wconf 78' lang='lat' dir='ltr'>explicationes</span> <span class='ocrx_word' id='word_1_69' title='bbox 638 861 759 898; x_wconf 86' lang='lat' dir='ltr'>nimis</span> <span class='ocrx_word' id='word_1_70' title='bbox 788 860 899 899; x_wconf 85' lang='lat' dir='ltr'>leves</span> <span class='ocrx_word' id='word_1_71' title='bbox 935 875 979 898; x_wconf 84' lang='lat' dir='ltr'>ac</span> <span class='ocrx_word' id='word_1_72' title='bbox 1015 862 1219 905; x_wconf 82' lang='lat' dir='ltr'>triviales‚</span> <span class='ocrx_word' id='word_1_73' title='bbox 1258 869 1400 900; x_wconf 78' lang='lat' dir='ltr'>tenues</span> <span class='ocrx_word' id='word_1_74' title='bbox 1433 870 1475 901; x_wconf 78' lang='lat' dir='ltr'>ct</span> 
     </span>
     <span class='ocr_line' id='line_1_11' title="bbox 79 928 1475 981; baseline 0.001 -15"><span class='ocrx_word' id='word_1_75' title='bbox 79 928 254 978; x_wconf 84' lang='lat' dir='ltr'>ieiunas,</span> <span class='ocrx_word' id='word_1_76' title='bbox 296 929 465 966; x_wconf 84' lang='lat' dir='ltr'>subtiles</span> <span class='ocrx_word' id='word_1_77' title='bbox 511 934 553 966; x_wconf 85' lang='lat' dir='ltr'>et</span> <span class='ocrx_word' id='word_1_78' title='bbox 601 934 779 978; x_wconf 76' lang='lat' dir='ltr'>argutas,</span> <span class='ocrx_word' id='word_1_79' title='bbox 820 928 969 969; x_wconf 73' lang='lat' dir='ltr'>alienas</span> <span class='ocrx_word' id='word_1_80' title='bbox 1005 936 1047 967; x_wconf 83' lang='lat' dir='ltr'>et</span> <span class='ocrx_word' id='word_1_81' title='bbox 1078 931 1256 981; x_wconf 79' lang='lat' dir='ltr'>ineptaS,</span> <span class='ocrx_word' id='word_1_82' title='bbox 1284 931 1475 969; x_wconf 77' lang='lat' dir='ltr'>obscuras</span> 
     </span>
     <span class='ocr_line' id='line_1_12' title="bbox 80 994 1474 1050; baseline 0.001 -16"><span class='ocrx_word' id='word_1_83' title='bbox 80 1002 121 1034; x_wconf 85' lang='lat' dir='ltr'>et</span> <span class='ocrx_word' id='word_1_84' title='bbox 148 1002 354 1035; x_wconf 82' lang='lat' dir='ltr'>contortas</span> <span class='ocrx_word' id='word_1_85' title='bbox 375 1010 485 1044; x_wconf 87' lang='lat' dir='ltr'>esse;</span> <span class='ocrx_word' id='word_1_86' title='bbox 526 994 698 1043; x_wconf 81' lang='lat' dir='ltr'>deinde,</span> <span class='ocrx_word' id='word_1_87' title='bbox 738 996 900 1046; x_wconf 80' lang='lat' dir='ltr'>quotics</span> <span class='ocrx_word' id='word_1_88' title='bbox 930 996 1020 1034; x_wconf 84' lang='lat' dir='ltr'>sere</span> <span class='ocrx_word' id='word_1_89' title='bbox 1043 997 1248 1035; x_wconf 84' lang='lat' dir='ltr'>Iuvenalis</span> <span class='ocrx_word' id='word_1_90' title='bbox 1270 997 1321 1035; x_wconf 87' lang='lat' dir='ltr'>ad</span> <span class='ocrx_word' id='word_1_91' title='bbox 1354 1000 1474 1050; x_wconf 82' lang='lat' dir='ltr'>igno-</span> 
     </span>
     <span class='ocr_line' id='line_1_13' title="bbox 77 1063 1475 1117; baseline 0.002 -15"><span class='ocrx_word' id='word_1_92' title='bbox 77 1071 143 1103; x_wconf 85' lang='lat' dir='ltr'>tos</span> <span class='ocrx_word' id='word_1_93' title='bbox 184 1065 301 1103; x_wconf 83' lang='lat' dir='ltr'>nobis</span> <span class='ocrx_word' id='word_1_94' title='bbox 343 1063 529 1103; x_wconf 87' lang='lat' dir='ltr'>homines</span> <span class='ocrx_word' id='word_1_95' title='bbox 572 1063 641 1101; x_wconf 88' lang='lat' dir='ltr'>vel</span> <span class='ocrx_word' id='word_1_96' title='bbox 691 1070 862 1102; x_wconf 81' lang='lat' dir='ltr'>eventus</span> <span class='ocrx_word' id='word_1_97' title='bbox 913 1064 977 1102; x_wconf 90' lang='lat' dir='ltr'>sui</span> <span class='ocrx_word' id='word_1_98' title='bbox 1031 1066 1229 1116; x_wconf 88' lang='lat' dir='ltr'>temporis</span> <span class='ocrx_word' id='word_1_99' title='bbox 1277 1067 1475 1117; x_wconf 83' lang='lat' dir='ltr'>respiciat</span> 
     </span>
     <span class='ocr_line' id='line_1_14' title="bbox 79 1131 1474 1182; baseline 0.001 -11"><span class='ocrx_word' id='word_1_100' title='bbox 79 1139 122 1171; x_wconf 87' lang='lat' dir='ltr'>et</span> <span class='ocrx_word' id='word_1_101' title='bbox 156 1133 250 1171; x_wconf 89' lang='lat' dir='ltr'>inde</span> <span class='ocrx_word' id='word_1_102' title='bbox 281 1133 490 1170; x_wconf 84' lang='lat' dir='ltr'>materiam</span> <span class='ocrx_word' id='word_1_103' title='bbox 529 1136 642 1182; x_wconf 77' lang='lat' dir='ltr'>petat</span> <span class='ocrx_word' id='word_1_104' title='bbox 680 1131 947 1181; x_wconf 79' lang='lat' dir='ltr'>facetiarum,</span> <span class='ocrx_word' id='word_1_105' title='bbox 974 1132 1114 1180; x_wconf 88' lang='lat' dir='ltr'>illum,</span> <span class='ocrx_word' id='word_1_106' title='bbox 1140 1133 1337 1181; x_wconf 85' lang='lat' dir='ltr'>Aeronis,</span> <span class='ocrx_word' id='word_1_107' title='bbox 1368 1134 1474 1172; x_wconf 81' lang='lat' dir='ltr'>Por-</span> 
     </span>
     <span class='ocr_line' id='line_1_15' title="bbox 77 1199 1473 1253; baseline 0.001 -15"><span class='ocrx_word' id='word_1_108' title='bbox 77 1200 291 1253; x_wconf 83' lang='lat' dir='ltr'>phyrionis</span> <span class='ocrx_word' id='word_1_109' title='bbox 323 1199 578 1250; x_wconf 85' lang='lat' dir='ltr'>aliorumque</span> <span class='ocrx_word' id='word_1_110' title='bbox 626 1200 985 1249; x_wconf 78' lang='lat' dir='ltr'>grammaticorum</span> <span class='ocrx_word' id='word_1_111' title='bbox 1028 1201 1237 1252; x_wconf 72' lang='lat' dir='ltr'>exemplo,</span> <span class='ocrx_word' id='word_1_112' title='bbox 1285 1215 1369 1240; x_wconf 88' lang='lat' dir='ltr'>non</span> <span class='ocrx_word' id='word_1_113' title='bbox 1396 1199 1473 1239; x_wconf 75' lang='lat' dir='ltr'>ah‘a</span> 
     </span>
     <span class='ocr_line' id='line_1_16' title="bbox 81 1266 1472 1321; baseline 0.001 -15"><span class='ocrx_word' id='word_1_114' title='bbox 81 1283 126 1307; x_wconf 83' lang='lat' dir='ltr'>ac</span> <span class='ocrx_word' id='word_1_115' title='bbox 171 1269 290 1321; x_wconf 85' lang='lat' dir='ltr'>plura</span> <span class='ocrx_word' id='word_1_116' title='bbox 321 1281 395 1305; x_wconf 77' lang='lat' dir='ltr'>nos</span> <span class='ocrx_word' id='word_1_117' title='bbox 437 1266 608 1315; x_wconf 84' lang='lat' dir='ltr'>docere,</span> <span class='ocrx_word' id='word_1_118' title='bbox 639 1280 759 1318; x_wconf 86' lang='lat' dir='ltr'>quam</span> <span class='ocrx_word' id='word_1_119' title='bbox 797 1280 899 1318; x_wconf 86' lang='lat' dir='ltr'>quae</span> <span class='ocrx_word' id='word_1_120' title='bbox 931 1281 986 1305; x_wconf 78' lang='lat' dir='ltr'>ex</span> <span class='ocrx_word' id='word_1_121' title='bbox 1019 1267 1116 1319; x_wconf 82' lang='lat' dir='ltr'>ipsis</span> <span class='ocrx_word' id='word_1_122' title='bbox 1158 1275 1302 1318; x_wconf 79' lang='lat' dir='ltr'>poetae</span> <span class='ocrx_word' id='word_1_123' title='bbox 1339 1271 1472 1307; x_wconf 80' lang='lat' dir='ltr'>verbis</span> 
     </span>
     <span class='ocr_line' id='line_1_17' title="bbox 80 1333 1473 1387; baseline 0.001 -13"><span class='ocrx_word' id='word_1_124' title='bbox 80 1349 322 1387; x_wconf 83' lang='lat' dir='ltr'>cognoscere</span> <span class='ocrx_word' id='word_1_125' title='bbox 360 1335 505 1382; x_wconf 85' lang='lat' dir='ltr'>liceat,</span> <span class='ocrx_word' id='word_1_126' title='bbox 541 1334 629 1381; x_wconf 73' lang='lat' dir='ltr'>vel,</span> <span class='ocrx_word' id='word_1_127' title='bbox 663 1335 758 1386; x_wconf 85' lang='lat' dir='ltr'>quia</span> <span class='ocrx_word' id='word_1_128' title='bbox 791 1333 891 1373; x_wconf 85' lang='lat' dir='ltr'>haec</span> <span class='ocrx_word' id='word_1_129' title='bbox 941 1348 1025 1373; x_wconf 86' lang='lat' dir='ltr'>non</span> <span class='ocrx_word' id='word_1_130' title='bbox 1055 1336 1332 1384; x_wconf 76' lang='lat' dir='ltr'>intellexerit,</span> <span class='ocrx_word' id='word_1_131' title='bbox 1357 1350 1473 1375; x_wconf 86' lang='lat' dir='ltr'>com-</span> 
     </span>
     <span class='ocr_line' id='line_1_18' title="bbox 77 1401 1473 1458; baseline -0.001 -15"><span class='ocrx_word' id='word_1_132' title='bbox 77 1405 282 1443; x_wconf 80' lang='lat' dir='ltr'>mentitias</span> <span class='ocrx_word' id='word_1_133' title='bbox 314 1403 410 1440; x_wconf 80' lang='lat' dir='ltr'>inde</span> <span class='ocrx_word' id='word_1_134' title='bbox 435 1415 480 1440; x_wconf 86' lang='lat' dir='ltr'>ac</span> <span class='ocrx_word' id='word_1_135' title='bbox 520 1401 660 1440; x_wconf 78' lang='lat' dir='ltr'>sutiles</span> <span class='ocrx_word' id='word_1_136' title='bbox 692 1415 1000 1454; x_wconf 81' lang='lat' dir='ltr'>nonnumquam</span> <span class='ocrx_word' id='word_1_137' title='bbox 1023 1403 1179 1441; x_wconf 81' lang='lat' dir='ltr'>fabulas</span> <span class='ocrx_word' id='word_1_138' title='bbox 1205 1417 1473 1458; x_wconf 78' lang='lat' dir='ltr'>componere3</span> 
     </span>
     <span class='ocr_line' id='line_1_19' title="bbox 76 1470 1473 1525; baseline 0 -15"><span class='ocrx_word' id='word_1_139' title='bbox 76 1478 288 1525; x_wconf 84' lang='lat' dir='ltr'>praeterea</span> <span class='ocrx_word' id='word_1_140' title='bbox 321 1482 415 1508; x_wconf 85' lang='lat' dir='ltr'>eum</span> <span class='ocrx_word' id='word_1_141' title='bbox 453 1483 572 1521; x_wconf 83' lang='lat' dir='ltr'><strong>saepe</strong></span> <span class='ocrx_word' id='word_1_142' title='bbox 606 1482 689 1507; x_wconf 85' lang='lat' dir='ltr'>non</span> <span class='ocrx_word' id='word_1_143' title='bbox 723 1470 954 1508; x_wconf 83' lang='lat' dir='ltr'>notissimas</span> <span class='ocrx_word' id='word_1_144' title='bbox 996 1477 1154 1509; x_wconf 81' lang='lat' dir='ltr'>tantum</span> <span class='ocrx_word' id='word_1_145' title='bbox 1199 1470 1389 1509; x_wconf 87' lang='lat' dir='ltr'>historias</span> <span class='ocrx_word' id='word_1_146' title='bbox 1432 1479 1473 1510; x_wconf 84' lang='lat' dir='ltr'>et</span> 
     </span>
     <span class='ocr_line' id='line_1_20' title="bbox 77 1537 1472 1590; baseline 0.001 -12"><span class='ocrx_word' id='word_1_147' title='bbox 77 1553 144 1579; x_wconf 86' lang='lat' dir='ltr'>res</span> <span class='ocrx_word' id='word_1_148' title='bbox 159 1538 345 1590; x_wconf 84' lang='lat' dir='ltr'>pluribus</span> <span class='ocrx_word' id='word_1_149' title='bbox 360 1551 568 1589; x_wconf 80' lang='lat' dir='ltr'>exponere</span> <span class='ocrx_word' id='word_1_150' title='bbox 586 1537 724 1575; x_wconf 81' lang='lat' dir='ltr'>verbis</span> <span class='ocrx_word' id='word_1_151' title='bbox 739 1567 749 1585; x_wconf 94' lang='lat'>,</span> <span class='ocrx_word' id='word_1_152' title='bbox 776 1537 848 1576; x_wconf 86' lang='lat' dir='ltr'>sed</span> <span class='ocrx_word' id='word_1_153' title='bbox 869 1538 1104 1576; x_wconf 74' lang='lat' dir='ltr'>verioribus</span> <span class='ocrx_word' id='word_1_154' title='bbox 1126 1552 1289 1590; x_wconf 89' lang='lat' dir='ltr'>quoque</span> <span class='ocrx_word' id='word_1_155' title='bbox 1311 1553 1355 1577; x_wconf 87' lang='lat' dir='ltr'>ac</span> <span class='ocrx_word' id='word_1_156' title='bbox 1379 1555 1472 1579; x_wconf 82' lang='lat' dir='ltr'>cer-</span> 
     </span>
     <span class='ocr_line' id='line_1_21' title="bbox 75 1592 1472 1657; baseline 0 -13"><span class='ocrx_word' id='word_1_157' title='bbox 75 1592 270 1654; x_wconf 75' lang='lat' dir='ltr'>tioribus,</span> <span class='ocrx_word' id='word_1_158' title='bbox 300 1617 402 1656; x_wconf 87' lang='lat' dir='ltr'>quae</span> <span class='ocrx_word' id='word_1_159' title='bbox 434 1604 601 1642; x_wconf 83' lang='lat' dir='ltr'>Tacitus</span> <span class='ocrx_word' id='word_1_160' title='bbox 641 1605 792 1657; x_wconf 80' lang='lat' dir='ltr'>aliique</span> <span class='ocrx_word' id='word_1_161' title='bbox 824 1604 1089 1652; x_wconf 78' lang='lat' dir='ltr'>tradiderint,</span> <span class='ocrx_word' id='word_1_162' title='bbox 1118 1618 1243 1656; x_wconf 80' lang='lat' dir='ltr'>nugas</span> <span class='ocrx_word' id='word_1_163' title='bbox 1287 1613 1326 1643; x_wconf 89' lang='lat' dir='ltr'>et</span> <span class='ocrx_word' id='word_1_164' title='bbox 1357 1621 1472 1645; x_wconf 88' lang='lat' dir='ltr'>com—</span> 
     </span>
     <span class='ocr_line' id='line_1_22' title="bbox 79 1669 1474 1723; baseline 0.001 -12"><span class='ocrx_word' id='word_1_165' title='bbox 79 1679 234 1720; x_wconf 72' lang='lat' dir='ltr'>menta,</span> <span class='ocrx_word' id='word_1_166' title='bbox 283 1685 337 1709; x_wconf 75' lang='lat' dir='ltr'>ex</span> <span class='ocrx_word' id='word_1_167' title='bbox 388 1685 582 1723; x_wconf 82' lang='lat' dir='ltr'>perversa</span> <span class='ocrx_word' id='word_1_168' title='bbox 626 1669 774 1710; x_wconf 85' lang='lat' dir='ltr'>horum</span> <span class='ocrx_word' id='word_1_169' title='bbox 820 1673 1158 1722; x_wconf 76' lang='lat' dir='ltr'>interpretatione</span> <span class='ocrx_word' id='word_1_170' title='bbox 1206 1678 1342 1722; x_wconf 80' lang='lat' dir='ltr'>enata,</span> <span class='ocrx_word' id='word_1_171' title='bbox 1385 1676 1474 1712; x_wconf 70' lang='lat' dir='ltr'>sive</span> 
     </span>
     <span class='ocr_line' id='line_1_23' title="bbox 76 1738 722 1786; baseline -0.003 -8"><span class='ocrx_word' id='word_1_172' title='bbox 76 1739 323 1786; x_wconf 80' lang='lat' dir='ltr'>admiscere,</span> <span class='ocrx_word' id='word_1_173' title='bbox 349 1740 435 1776; x_wconf 83' lang='lat' dir='ltr'>sive</span> <span class='ocrx_word' id='word_1_174' title='bbox 461 1738 722 1777; x_wconf 78' lang='lat' dir='ltr'>substituere.</span> 
     </span>
    </p>

    <p class='ocr_par' dir='ltr' id='par_1_3' title="bbox 75 1803 1474 1928">
     <span class='ocr_line' id='line_1_24' title="bbox 187 1803 1474 1859; baseline 0.002 -15"><span class='ocrx_word' id='word_1_175' title='bbox 187 1806 480 1844; x_wconf 71' lang='lat' dir='ltr'>Pulmanniana</span> <span class='ocrx_word' id='word_1_176' title='bbox 513 1806 587 1843; x_wconf 89' lang='lat' dir='ltr'>IV.</span> <span class='ocrx_word' id='word_1_177' title='bbox 644 1803 859 1844; x_wconf 66' lang='lat' dir='ltr'>Iuvenalis</span> <span class='ocrx_word' id='word_1_178' title='bbox 890 1815 928 1844; x_wconf 83' lang='lat' dir='ltr'>et</span> <span class='ocrx_word' id='word_1_179' title='bbox 961 1807 1144 1844; x_wconf 71' lang='lat' dir='ltr'>Persius.</span> <span class='ocrx_word' id='word_1_180' title='bbox 1202 1806 1401 1859; x_wconf 74' lang='lat' dir='ltr'>Antverp.</span> <span class='ocrx_word' id='word_1_181' title='bbox 1426 1825 1474 1847; x_wconf 68' lang='lat' dir='ltr'>ev</span> 
     </span>
     <span class='ocr_line' id='line_1_25' title="bbox 75 1874 1473 1928; baseline 0.002 -17"><span class='ocrx_word' id='word_1_182' title='bbox 75 1875 142 1928; x_wconf 79' lang='lat' dir='ltr'>effi</span> <span class='ocrx_word' id='word_1_183' title='bbox 180 1874 310 1924; x_wconf 73' lang='lat' dir='ltr'><em>Chph.</em></span> <span class='ocrx_word' id='word_1_184' title='bbox 340 1874 543 1910; x_wconf 64' lang='lat' dir='ltr'>Plancina·</span> <span class='ocrx_word' id='word_1_185' title='bbox 1356 1878 1473 1926; x_wconf 69' lang='lat'><strong><em>1567.</em></strong></span> 
     </span>
    </p>

    <p class='ocr_par' dir='ltr' id='par_1_4' title="bbox 187 1939 1472 1996">
     <span class='ocr_line' id='line_1_26' title="bbox 187 1939 1472 1996; baseline 0.002 -17"><span class='ocrx_word' id='word_1_186' title='bbox 187 1940 479 1979; x_wconf 80' lang='lat' dir='ltr'>Pulmanniana</span> <span class='ocrx_word' id='word_1_187' title='bbox 504 1940 555 1979; x_wconf 89' lang='lat' dir='ltr'>V.</span> <span class='ocrx_word' id='word_1_188' title='bbox 595 1939 810 1978; x_wconf 71' lang='lat' dir='ltr'>Iuvenalis</span> <span class='ocrx_word' id='word_1_189' title='bbox 856 1948 897 1978; x_wconf 83' lang='lat' dir='ltr'>et</span> <span class='ocrx_word' id='word_1_190' title='bbox 926 1942 1072 1979; x_wconf 79' lang='lat' dir='ltr'>Persii</span> <span class='ocrx_word' id='word_1_191' title='bbox 1113 1940 1298 1992; x_wconf 85' lang='lat' dir='ltr'>Satyrae.</span> <span class='ocrx_word' id='word_1_192' title='bbox 1355 1943 1472 1996; x_wconf 73' lang='lat' dir='ltr'>Lng-</span> 
     </span>
    </p>
   </div>
   <div class='ocr_carea' id='block_1_3' title="bbox 72 2008 1472 2198">
    <p class='ocr_par' dir='ltr' id='par_1_5' title="bbox 72 2008 1472 2198">
     <span class='ocr_line' id='line_1_27' title="bbox 77 2008 1472 2063; baseline 0.001 -15"><span class='ocrx_word' id='word_1_193' title='bbox 77 2009 177 2048; x_wconf 86' lang='lat' dir='ltr'>duni</span> <span class='ocrx_word' id='word_1_194' title='bbox 210 2008 329 2060; x_wconf 77' lang='lat' dir='ltr'>apud</span> <span class='ocrx_word' id='word_1_195' title='bbox 361 2008 616 2046; x_wconf 78' lang='lat' dir='ltr'>Plantinum</span> <span class='ocrx_word' id='word_1_196' title='bbox 1262 2022 1323 2048; x_wconf 89' lang='lat'>12.</span> <span class='ocrx_word' id='word_1_197' title='bbox 1354 2012 1472 2063; x_wconf 77' lang='lat'>1590·</span> 
     </span>
     <span class='ocr_line' id='line_1_28' title="bbox 185 2073 1472 2130; baseline 0.003 -17"><span class='ocrx_word' id='word_1_198' title='bbox 185 2076 206 2098; x_wconf 83' lang='lat'><strong>*</strong></span> <span class='ocrx_word' id='word_1_199' title='bbox 259 2074 425 2114; x_wconf 84' lang='lat' dir='ltr'>Pithoei</span> <span class='ocrx_word' id='word_1_200' title='bbox 470 2074 524 2117; x_wconf 83' lang='grc' dir='ltr'><strong>Π.</strong></span> <span class='ocrx_word' id='word_1_201' title='bbox 559 2073 617 2130; x_wconf 85' lang='grc'><strong>(11.</strong></span> <span class='ocrx_word' id='word_1_202' title='bbox 651 2075 739 2128; x_wconf 88' lang='grc'><strong>76.)</strong></span> <span class='ocrx_word' id='word_1_203' title='bbox 780 2077 832 2114; x_wconf 91' lang='lat' dir='ltr'>A.</span> <span class='ocrx_word' id='word_1_204' title='bbox 862 2077 1008 2115; x_wconf 64' lang='lat' dir='ltr'>Persic</span> <span class='ocrx_word' id='word_1_205' title='bbox 1042 2082 1118 2114; x_wconf 88' lang='lat' dir='ltr'>cet.</span> <span class='ocrx_word' id='word_1_206' title='bbox 1151 2083 1199 2114; x_wconf 90' lang='lat' dir='ltr'>ut</span> <span class='ocrx_word' id='word_1_207' title='bbox 1241 2077 1285 2115; x_wconf 90' lang='lat' dir='ltr'>in</span> <span class='ocrx_word' id='word_1_208' title='bbox 1308 2078 1416 2116; x_wconf 85' lang='lat' dir='ltr'>Pith.</span> <span class='ocrx_word' id='word_1_209' title='bbox 1441 2078 1472 2117; x_wconf 88' lang='lat' dir='ltr'>I.</span> 
     </span>
     <span class='ocr_line' id='line_1_29' title="bbox 72 2143 1472 2198; baseline 0.001 -15"><span class='ocrx_word' id='word_1_210' title='bbox 72 2144 370 2195; x_wconf 83' lang='lat' dir='ltr'>Heidelbergae</span> <span class='ocrx_word' id='word_1_211' title='bbox 405 2146 478 2191; x_wconf 85' lang='lat' dir='ltr'>(ex</span> <span class='ocrx_word' id='word_1_212' title='bbox 510 2143 670 2184; x_wconf 86' lang='lat' dir='ltr'>officina</span> <span class='ocrx_word' id='word_1_213' title='bbox 707 2145 1052 2193; x_wconf 76' lang='lat' dir='ltr'>Sanctandreana)</span> <span class='ocrx_word' id='word_1_214' title='bbox 1280 2147 1315 2183; x_wconf 90' lang='lat'>8.</span> <span class='ocrx_word' id='word_1_215' title='bbox 1354 2148 1472 2198; x_wconf 91' lang='grc'><strong>1590.</strong></span> 
     </span>
    </p>
   </div>
   <div class='ocr_carea' id='block_1_4' title="bbox 72 2211 1474 2805">
    <p class='ocr_par' dir='ltr' id='par_1_6' title="bbox 72 2211 1474 2805">
     <span class='ocr_line' id='line_1_30' title="bbox 184 2211 1474 2266; baseline 0.002 -17"><span class='ocrx_word' id='word_1_216' title='bbox 184 2212 259 2249; x_wconf 79' lang='lat' dir='ltr'>Est</span> <span class='ocrx_word' id='word_1_217' title='bbox 281 2213 475 2262; x_wconf 81' lang='lat' dir='ltr'>repetitio</span> <span class='ocrx_word' id='word_1_218' title='bbox 503 2212 566 2250; x_wconf 84' lang='lat' dir='ltr'>ed.</span> <span class='ocrx_word' id='word_1_219' title='bbox 601 2212 728 2254; x_wconf 83' lang='lat' dir='ltr'>Paris.</span> <span class='ocrx_word' id='word_1_220' title='bbox 772 2213 890 2251; x_wconf 85' lang='lat'>1585.</span> <span class='ocrx_word' id='word_1_221' title='bbox 917 2211 988 2250; x_wconf 81' lang='lat' dir='ltr'>sed</span> <span class='ocrx_word' id='word_1_222' title='bbox 1023 2211 1299 2261; x_wconf 83' lang='lat' dir='ltr'>emendatior,</span> <span class='ocrx_word' id='word_1_223' title='bbox 1327 2213 1370 2250; x_wconf 88' lang='lat' dir='ltr'>in</span> <span class='ocrx_word' id='word_1_224' title='bbox 1395 2228 1474 2266; x_wconf 85' lang='lat' dir='ltr'>qua</span> 
     </span>
     <span class='ocr_line' id='line_1_31' title="bbox 77 2272 1473 2332; baseline 0.001 -14"><span class='ocrx_word' id='word_1_225' title='bbox 77 2272 354 2318; x_wconf 76' lang='lat' dir='ltr'>Commelinus</span> <span class='ocrx_word' id='word_1_226' title='bbox 399 2285 442 2317; x_wconf 81' lang='lat' dir='ltr'>et</span> <span class='ocrx_word' id='word_1_227' title='bbox 470 2279 775 2319; x_wconf 79' lang='lat' dir='ltr'>distinctionem</span> <span class='ocrx_word' id='word_1_228' title='bbox 821 2287 863 2318; x_wconf 84' lang='lat' dir='ltr'>et</span> <span class='ocrx_word' id='word_1_229' title='bbox 895 2280 1092 2318; x_wconf 80' lang='lat' dir='ltr'>lectiones</span> <span class='ocrx_word' id='word_1_230' title='bbox 1120 2280 1308 2332; x_wconf 79' lang='lat' dir='ltr'>pluribus</span> <span class='ocrx_word' id='word_1_231' title='bbox 1337 2288 1473 2320; x_wconf 79' lang='lat' dir='ltr'>muta-</span> 
     </span>
     <span class='ocr_line' id='line_1_32' title="bbox 72 2346 1470 2399; baseline 0.004 -16"><span class='ocrx_word' id='word_1_232' title='bbox 72 2347 138 2384; x_wconf 82' lang='lat' dir='ltr'>vit</span> <span class='ocrx_word' id='word_1_233' title='bbox 156 2347 268 2384; x_wconf 82' lang='lat' dir='ltr'>locis.</span> <span class='ocrx_word' id='word_1_234' title='bbox 325 2346 421 2385; x_wconf 81' lang='lat' dir='ltr'>Vid.</span> <span class='ocrx_word' id='word_1_235' title='bbox 446 2348 544 2385; x_wconf 79' lang='lat' dir='ltr'>Var.</span> <span class='ocrx_word' id='word_1_236' title='bbox 571 2347 688 2389; x_wconf 74' lang='lat' dir='ltr'>Lect,</span> <span class='ocrx_word' id='word_1_237' title='bbox 734 2347 785 2386; x_wconf 85' lang='lat' dir='ltr'>ad</span> <span class='ocrx_word' id='word_1_238' title='bbox 814 2348 878 2396; x_wconf 85' lang='lat' dir='ltr'>V,</span> <span class='ocrx_word' id='word_1_239' title='bbox 917 2361 982 2399; x_wconf 86' lang='lat'>91.</span> <span class='ocrx_word' id='word_1_240' title='bbox 1024 2349 1112 2385; x_wconf 81' lang='lat'><strong>142.</strong></span> <span class='ocrx_word' id='word_1_241' title='bbox 1148 2346 1228 2395; x_wconf 86' lang='lat' dir='ltr'>VI,</span> <span class='ocrx_word' id='word_1_242' title='bbox 1276 2348 1340 2386; x_wconf 84' lang='lat'>82.</span> <span class='ocrx_word' id='word_1_243' title='bbox 1382 2350 1470 2388; x_wconf 68' lang='lat'>114.</span> 
     </span>
     <span class='ocr_line' id='line_1_33' title="bbox 81 2414 1470 2467; baseline 0.004 -16"><span class='ocrx_word' id='word_1_244' title='bbox 81 2425 170 2462; x_wconf 85' lang='lat'>127.</span> <span class='ocrx_word' id='word_1_245' title='bbox 205 2415 297 2452; x_wconf 85' lang='grc'><strong>320.</strong></span> <span class='ocrx_word' id='word_1_246' title='bbox 340 2414 433 2454; x_wconf 86' lang='grc'><strong>330.</strong></span> <span class='ocrx_word' id='word_1_247' title='bbox 471 2415 564 2467; x_wconf 89' lang='grc'><strong>369.</strong></span> <span class='ocrx_word' id='word_1_248' title='bbox 598 2416 694 2459; x_wconf 83' lang='lat'><strong>402.</strong></span> <span class='ocrx_word' id='word_1_249' title='bbox 744 2416 837 2454; x_wconf 78' lang='lat'><strong>524.</strong></span> <span class='ocrx_word' id='word_1_250' title='bbox 886 2416 977 2465; x_wconf 83' lang='lat'><strong><em>537.</em></strong></span> <span class='ocrx_word' id='word_1_251' title='bbox 1015 2414 1112 2463; x_wconf 91' lang='lat' dir='ltr'>VII,</span> <span class='ocrx_word' id='word_1_252' title='bbox 1167 2414 1233 2452; x_wconf 83' lang='lat'>23.</span> <span class='ocrx_word' id='word_1_253' title='bbox 1273 2415 1339 2453; x_wconf 79' lang='lat'>46.</span> <span class='ocrx_word' id='word_1_254' title='bbox 1381 2418 1470 2457; x_wconf 72' lang='lat'>124.</span> 
     </span>
     <span class='ocr_line' id='line_1_34' title="bbox 76 2480 1470 2535; baseline 0.003 -17"><span class='ocrx_word' id='word_1_255' title='bbox 76 2480 171 2519; x_wconf 83' lang='lat'><strong>236.</strong></span> <span class='ocrx_word' id='word_1_256' title='bbox 198 2480 316 2530; x_wconf 89' lang='lat' dir='ltr'>VIII,</span> <span class='ocrx_word' id='word_1_257' title='bbox 351 2480 415 2520; x_wconf 88' lang='grc'>66.</span> <span class='ocrx_word' id='word_1_258' title='bbox 449 2494 514 2535; x_wconf 84' lang='grc' dir='ltr'>9ο.</span> <span class='ocrx_word' id='word_1_259' title='bbox 557 2494 645 2521; x_wconf 88' lang='grc'><strong>122.</strong></span> <span class='ocrx_word' id='word_1_260' title='bbox 696 2484 784 2521; x_wconf 83' lang='grc'><strong>123.</strong></span> <span class='ocrx_word' id='word_1_261' title='bbox 824 2484 917 2534; x_wconf 85' lang='grc'><strong>239.</strong></span> <span class='ocrx_word' id='word_1_262' title='bbox 950 2483 1028 2531; x_wconf 83' lang='grc' dir='ltr'>ΙΧ,</span> <span class='ocrx_word' id='word_1_263' title='bbox 1076 2481 1164 2520; x_wconf 79' lang='lat'><strong>146.</strong></span> <span class='ocrx_word' id='word_1_264' title='bbox 1199 2481 1263 2530; x_wconf 91' lang='lat' dir='ltr'>X,</span> <span class='ocrx_word' id='word_1_265' title='bbox 1303 2484 1367 2521; x_wconf 85' lang='lat'>34.</span> <span class='ocrx_word' id='word_1_266' title='bbox 1392 2485 1470 2532; x_wconf 66' lang='grc' dir='ltr'>Χῖ,</span> 
     </span>
     <span class='ocr_line' id='line_1_35' title="bbox 76 2547 1470 2602; baseline 0.003 -16"><span class='ocrx_word' id='word_1_267' title='bbox 76 2560 142 2586; x_wconf 89' lang='grc'>20.</span> <span class='ocrx_word' id='word_1_268' title='bbox 174 2547 283 2595; x_wconf 88' lang='lat' dir='ltr'>XII,</span> <span class='ocrx_word' id='word_1_269' title='bbox 317 2549 405 2587; x_wconf 82' lang='lat'>116.</span> <span class='ocrx_word' id='word_1_270' title='bbox 426 2549 557 2598; x_wconf 83' lang='lat' dir='ltr'>XIV,</span> <span class='ocrx_word' id='word_1_271' title='bbox 587 2551 653 2589; x_wconf 76' lang='lat'>45.</span> <span class='ocrx_word' id='word_1_272' title='bbox 710 2551 821 2588; x_wconf 87' lang='lat' dir='ltr'>Socii</span> <span class='ocrx_word' id='word_1_273' title='bbox 843 2550 1056 2602; x_wconf 87' lang='lat' dir='ltr'>Bipontini</span> <span class='ocrx_word' id='word_1_274' title='bbox 1080 2548 1179 2588; x_wconf 88' lang='lat' dir='ltr'>haec</span> <span class='ocrx_word' id='word_1_275' title='bbox 1201 2549 1470 2590; x_wconf 84' lang='lat' dir='ltr'>adnotarunt:</span> 
     </span>
     <span class='ocr_line' id='line_1_36' title="bbox 74 2613 1470 2666; baseline 0.005 -15"><span class='ocrx_word' id='word_1_276' title='bbox 74 2614 326 2666; x_wconf 81' lang='lat' dir='ltr'>„Exemplar</span> <span class='ocrx_word' id='word_1_277' title='bbox 346 2613 468 2654; x_wconf 85' lang='lat' dir='ltr'>huius</span> <span class='ocrx_word' id='word_1_278' title='bbox 503 2616 564 2655; x_wconf 86' lang='lat' dir='ltr'>ed.</span> <span class='ocrx_word' id='word_1_279' title='bbox 606 2624 794 2656; x_wconf 84' lang='lat' dir='ltr'>servatur</span> <span class='ocrx_word' id='word_1_280' title='bbox 833 2617 957 2655; x_wconf 83' lang='lat' dir='ltr'>hodie</span> <span class='ocrx_word' id='word_1_281' title='bbox 989 2618 1035 2655; x_wconf 87' lang='lat' dir='ltr'>in</span> <span class='ocrx_word' id='word_1_282' title='bbox 1066 2616 1171 2657; x_wconf 83' lang='lat' dir='ltr'>Bibl.</span> <span class='ocrx_word' id='word_1_283' title='bbox 1205 2617 1330 2657; x_wconf 84' lang='lat' dir='ltr'><strong>Acad.</strong></span> <span class='ocrx_word' id='word_1_284' title='bbox 1362 2620 1470 2658; x_wconf 69' lang='lat' dir='ltr'>Hei-</span> 
     </span>
     <span class='ocr_line' id='line_1_37' title="bbox 75 2682 1468 2739; baseline 0.004 -20"><span class='ocrx_word' id='word_1_285' title='bbox 75 2683 252 2734; x_wconf 80' lang='lat' dir='ltr'>delberg.</span> <span class='ocrx_word' id='word_1_286' title='bbox 278 2682 400 2734; x_wconf 84' lang='lat' dir='ltr'>idque</span> <span class='ocrx_word' id='word_1_287' title='bbox 420 2690 510 2721; x_wconf 82' lang='lat' dir='ltr'>ante</span> <span class='ocrx_word' id='word_1_288' title='bbox 526 2683 749 2723; x_wconf 80' lang='lat' dir='ltr'>Graevium</span> <span class='ocrx_word' id='word_1_289' title='bbox 775 2698 1046 2737; x_wconf 74' lang='lat' dir='ltr'>possessorem</span> <span class='ocrx_word' id='word_1_290' title='bbox 1078 2684 1215 2733; x_wconf 57' lang='lat' dir='ltr'>suerat</span> <span class='ocrx_word' id='word_1_291' title='bbox 1230 2688 1310 2724; x_wconf 85' lang='lat' dir='ltr'>viri</span> <span class='ocrx_word' id='word_1_292' title='bbox 1334 2701 1468 2739; x_wconf 45' lang='lat' dir='ltr'>quon*</span> 
     </span>
     <span class='ocr_line' id='line_1_38' title="bbox 75 2749 1467 2805; baseline 0.004 -18"><span class='ocrx_word' id='word_1_293' title='bbox 75 2749 166 2788; x_wconf 80' lang='lat' dir='ltr'>dam</span> <span class='ocrx_word' id='word_1_294' title='bbox 199 2749 489 2800; x_wconf 79' lang='lat' dir='ltr'>eruditissimi,</span> <span class='ocrx_word' id='word_1_295' title='bbox 517 2753 713 2803; x_wconf 75' lang='lat' dir='ltr'>oratoris,</span> <span class='ocrx_word' id='word_1_296' title='bbox 751 2758 897 2805; x_wconf 71' lang='lat' dir='ltr'>poetae</span> <span class='ocrx_word' id='word_1_297' title='bbox 929 2757 971 2792; x_wconf 83' lang='lat' dir='ltr'>et</span> <span class='ocrx_word' id='word_1_298' title='bbox 1006 2752 1190 2804; x_wconf 84' lang='lat' dir='ltr'>politici,</span> <span class='ocrx_word' id='word_1_299' title='bbox 1226 2751 1330 2793; x_wconf 79' lang='lat' dir='ltr'>Dan.</span> <span class='ocrx_word' id='word_1_300' title='bbox 1371 2756 1467 2793; x_wconf 65' lang='lat' dir='ltr'>Ere—</span> 
     </span>
    </p>
   </div>
  </div>
 </body>
</html>
