1759 3029
268 187 350 231 ¹554
780 184 1152 226 EXCVRSVS

266 317 344 356 que
372 302 592 341 lectionem
623 301 806 340 Sarrano
842 308 884 340 et
912 305 1031 341 tenui
1067 304 1230 346 salino,
1279 303 1389 355 quod
1420 307 1659 343 marmoreis

263 371 395 409 hortis
425 371 579 423 opponi
607 371 892 409 arbitrabatur.
934 371 1016 409 Sed
1045 385 1083 409 v.
1114 369 1271 408 Comm.

635 517 671 555 E
723 518 767 556 X
815 516 848 554 C
899 517 942 555 V
995 516 1035 554 R
1084 518 1111 554 S
1161 517 1202 555 V
1253 517 1279 554 S

735 617 795 657 ad
828 619 915 656 Sat.
960 618 1055 665 VII,
1092 630 1179 656 120.

372 709 483 747 Mira
524 716 585 746 est
625 710 669 745 in
696 707 775 745 hoc
803 721 927 745 versu
955 707 1131 744 varietas
1161 708 1399 745 lectionum.
1457 709 1655 757 Pelamy-

259 780 358 816 dum
391 792 405 816 1
471 778 506 814 3.
549 778 584 814 5.
615 776 663 812 al.
695 776 964 812 Pelamidztm
1000 775 1044 811 in
1073 774 1313 826 quibusdam
1341 775 1470 824 libris,
1499 783 1546 813 ut
1573 791 1656 823 m]—

257 847 423 898 λαμίδες
454 859 513 895 ap.
543 844 714 880 Aristot.
746 842 820 889 VI,
855 842 915 880 16.
973 842 1258 878 Pellamulum
1293 855 1337 890 17
1377 858 1399 880 a
1426 858 1476 881 m.
1507 857 1568 894 pr.
1593 856 1654 894 19.

256 914 523 952 Pilamz'dzcm
548 923 613 948 21.
673 909 755 948 Sed
783 907 972 961 πηλαμύς
1003 916 1043 947 et
1073 904 1330 960 πηλαμύδιον
1351 912 1502 947 rectius
1529 910 1655 948 scribi

252 989 395 1020 monet
416 978 594 1029 Hesych.
618 979 866 1027 Pelczmycles
890 978 1023 1015 dictae
1051 978 1189 1014 forsan
1220 972 1336 1027 παροῖ
1351 973 1396 1017 ἐδ
1424 978 1467 1017 ἐν
1497 976 1555 1029 τῷ
1572 994 1654 1026 πη·-

253 1048 313 1100 λῷ
339 1049 467 1099 μυεῖν,
499 1047 607 1098 quod
638 1047 681 1083 in
711 1046 799 1081 luto
837 1060 879 1082 se
925 1045 1144 1092 occultant,
1186 1046 1328 1082 saltem
1360 1040 1444 1085 ἆπό
1472 1044 1548 1085 τοῦ
1571 1061 1655 1093 πη-

253 1115 343 1164 λοῦ,
375 1130 397 1152 a
426 1116 528 1162 luto,
558 1114 601 1152 111
645 1126 725 1164 quo
759 1127 822 1150 eas
870 1114 981 1150 nasci
1017 1112 1116 1150 dicit
1154 1113 1312 1149 Festus.
1377 1113 1655 1162 Pelcemydzcm.

251 1185 454 1232 Asi-orum
497 1191 536 1219 et
584 1190 735 1219 veteres
774 1183 982 1231 epimenia
1037 1180 1154 1218 bulbi
1211 1181 1248 1217 4.
1283 1180 1401 1231 prob.
1441 1178 1528 1218 Iun.
1567 1180 1650 1218 vid.

254 1251 414 1289 Comm.

365 1327 439 1356 aut
474 1318 589 1356 abest
627 1331 648 1353 a
695 1330 755 1368 ¹9·
786 1325 861 1354 aut
898 1325 1047 1354 veteres
1078 1318 1114 1354 5.
1160 1328 1219 1354 12.
1264 1317 1324 1355 15.
1366 1317 1564 1364 25-27,
1598 1315 1652 1353 46

250 1399 375 1436 -77.
405 1395 443 1423 et
469 1394 617 1422 veteres
648 1385 769 1420 2-4.
804 1397 863 1421 10.
901 1397 961 1422 11.
999 1385 1058 1422 14.
1097 1383 1270 1421 16-18.
1302 1385 1479 1422 20--24.
1509 1385 1573 1421 45.

364 1455 470 1491 Mox
498 1453 701 1503 Afrorum,
741 1465 816 1501 pro
847 1453 1099 1488 Maza-oram
1127 1452 1224 1489 libri
1254 1458 1413 1489 tantum
1444 1466 1528 1490 non
1558 1466 1648 1489 om-

247 1537 333 1570 nes,
363 1535 463 1573 quos
491 1525 686 1570 sequutus
715 1532 817 1565 sum,
849 1531 885 1555 2.
924 1521 960 1557 3.
987 1520 1009 1556 5
1058 1533 1116 1557 10.
1155 1532 1213 1556 11.
1252 1519 1447 1557 16-25.
1487 1532 1551 1568 27.
1582 1521 1646 1557 28.

248 1591 427 1629 45-50.
457 1587 633 1638 54439.
666 1588 840 1634 71—74.
875 1599 936 1635 77.
995 1587 1157 1623 Deinde
1188 1590 1396 1637 epimenia
1432 1588 1548 1625 1—5.
1586 1601 1645 1624 10.

254 1673 315 1697 11.
365 1669 424 1695 12.
475 1657 523 1693 14-
549 1679 588 1683 —
615 1656 674 1691 18.
716 1666 769 1692 20
794 1655 915 1691 -25.
947 1654 1011 1691 26.
1050 1666 1113 1701 27.
1145 1655 1342 1692 215—50.
1385 1652 1448 1692 56.
1483 1656 1546 1692 58.
1581 1655 1646 1692 63.

250 1739 314 1775 70.
369 1726 567 1773 74--773
609 1724 826 1772 epymenia
867 1722 932 1758 24.
964 1722 1170 1772 epiraedia
1211 1734 1270 1772 19.
1312 1723 1549 1772 epimenidcc
1580 1724 1645 1760 25.

249 1796 313 1832 54.
347 1794 411 1831 55.
443 1793 506 1837 57.
549 1791 612 1828 61.
648 1790 711 1827 62.
743 1789 794 1826 64
817 1811 852 1816 «—-
876 1789 939 1826 (38.
975 1801 1020 1837 71
1044 1811 1085 1816 -
1109 1790 1170 1837 73.
1201 1789 1310 1840 quod
1340 1791 1517 1841 probant
1549 1789 1646 1827 Cal-

248 1862 348 1907 der.‚
379 1859 564 1896 Britann.
598 1863 639 1894 et
667 1857 839 1893 Farnab.
868 1862 914 1892 ut
942 1857 1146 1906 appositio
1178 1857 1242 1902 sit,
1273 1858 1463 1908 quoniam
1484 1859 1643 1895 Plinius

247 1929 370 1975 XIX,
386 1929 422 1964 5.
439 1926 558 1972 dicat,
574 1939 626 1962 ex
643 1938 789 1975 genere
804 1923 1023 1960 bulborum
1040 1937 1125 1960 esse
1140 1925 1316 1966 seillam,
1333 1930 1373 1961 et
1397 1924 1477 1962 duo
1496 1939 1645 1976 genera

246 1997 445 2036 medicae,
462 1992 687 2029 masculum
699 1991 798 2028 albis
814 1991 938 2038 soliis,
952 1991 1175 2028 femineum
1190 1991 1317 2040 nigris
1329 1997 1370 2028 et
1390 1993 1559 2029 tertium
1571 2006 1619 2042 ge
1638 2013 1645 2015 >

244 2077 321 2102 nus
345 2062 446 2099 cibis
462 2065 634 2110 gratum,
649 2058 757 2109 quod
779 2058 1081 2107 epimenidium
1099 2064 1282 2094 vocetur.
1317 2059 1427 2095 Hinc
1453 2060 1642 2097 nonnulli

244 2128 502 2182 epimenidia
521 2126 749 2172 emendant,
765 2130 812 2161 ut
834 2126 887 2161 sit
901 2125 1302 2176 proceleusmaticus,
1326 2131 1367 2162 et
1388 2126 1461 2162 Ge.
1478 2127 1641 2164 Elei-ula

245 2197 498 2250 epimenclia,
514 2206 615 2245 quae
628 2193 751 2229 lectio
768 2193 973 2244 reperitur
983 2193 1025 2229 in
1039 2194 1101 2243 59.
1115 2193 1177 2230 [30.
1193 2194 1256 2243 (39.
1274 2193 1407 2230 Fuere
1421 2194 1554 2241 etiam,
1571 2195 1641 2244 qui

244 2266 551 2317 suspicaremur
565 2263 763 2303 ormenz'a,
784 2260 927 2297 caules.
976 2260 1060 2297 Has
1073 2261 1325 2298 coniecturas
1338 2261 1546 2310 sugillavit
1558 2261 1639 2298 Ca-

243 2333 355 2372 saub.
385 2331 435 2369 ad
463 2329 612 2367 Athen.
642 2327 690 2376 11,
721 2340 785 2365 22.
817 2334 858 2365 et
897 2326 1085 2365 defendit
1107 2334 1288 2365 nostram
1318 2329 1551 2376 lectionem,
1582 2343 1636 2368 ex

243 2415 322 2453 qua
351 2406 489 2436 tamen
527 2395 779 2434 commodam
811 2395 1056 2432 sententiam
1095 2395 1170 2432 vix
1212 2395 1358 2433 elicias.
1398 2409 1434 2432 v.
1479 2395 1634 2434 Comm.

243 2467 376 2517 Quid,
417 2467 451 2504 si
477 2465 679 2502 scribatur
710 2465 975 2513 epimaenia,
1026 2468 1066 2499 et
1093 2469 1214 2514 poeta
1244 2461 1321 2500 hoc
1351 2463 1490 2500 vocab.
1517 2462 1635 2500 effin-

243 2535 355 2573 xerit
385 2547 438 2571 ex
468 2532 540 2569 Gr.
571 2527 879 2584 ἐπιμαίνεσθαι,
921 2530 1111 2577 insanire,
1154 2530 1308 2578 furere,
1353 2531 1458 2580 inpr.
1488 2544 1635 2577 amore,

240 2601 349 2639 unde
380 2595 607 2651 ἕπιμαίνια,
640 2600 724 2636 scil.
747 2595 960 2652 ᾳάρμακα,
992 2598 1073 2635 dici
1102 2598 1260 2648 possint
1288 2598 1436 2635 amoris
1455 2597 1635 2635 remedia

241 2670 326 2708 sive
361 2667 547 2705 stimuli?
607 2667 756 2703 Bnlhis
785 2668 894 2704 enim
923 2665 1125 2703 stimulari
1154 2666 1372 2709 Venerem,
1407 2670 1548 2701 notum
1580 2677 1633 2702 cx

240 2735 388 2773 Athen.
436 2733 480 2774 ll,
513 2734 576 2771 (3'1.
608 2735 663 2778 X,
701 2736 762 2772 58.
797 2733 855 2771 cd.
891 2731 1118 2783 Schweigh.
1156 2733 1260 2770 Plin.
1293 2732 1415 2778 XIX,
1446 2733 1479 2768 5.
1510 2746 1537 2768 s.
1566 2732 1630 2770 50.
