1759 3029
622 168 955 210 SATIRA
1011 169 1091 210 VJ.

1461 181 1536 222 1¹9

150 289 267 332 Cum
294 288 414 331 farre
443 294 489 330 et
520 290 629 330 vino
667 285 829 328 Ianum
860 283 1141 341 Vestamque
1178 283 1378 342 rogabat,

148 357 227 400 An
262 355 564 413 Capitolinam
607 355 790 398 deberet
820 353 970 396 Pollio
1005 368 1224 409 quercum

147 425 339 483 Spei-are
374 432 421 465 et
454 423 615 466 fidibus
655 426 937 481 promittere.

1003 422 1124 473 Quid
1160 421 1327 462 faceret
1356 420 1462 479 plus

151 493 433 549 Aegrotante
469 493 602 535 viro?
651 493 834 534 medicis
867 491 975 547 quid
1007 491 1209 532 tristibus
1238 503 1345 544 erga

145 559 392 603 Filiolam?
438 554 573 603 Stetit
601 567 707 603 ante
736 575 882 612 aram,
924 574 1008 600 nec
1036 567 1172 616 turpe
1205 559 1386 613 putavit
1432 556 1529 614 390

143 628 236 671 Pro
267 628 438 672 cithara
474 630 623 671 velare
660 637 819 686 caput3

863 630 1117 682 dictataque
1147 625 1286 668 verba

145 692 367 749 Pertulit,
400 705 454 740 ut
484 713 583 740 mos
615 705 706 751 est,
744 706 789 739 et
818 704 973 754 aperta
1005 696 1174 753 palluit
1205 706 1332 749 agna.

146 764 232 806 Die
265 765 378 807 mihi
407 781 552 819 1111110,
587 780 776 821 quaeso,
808 767 900 819 dic,
938 766 1248 819 antiquissime
1279 760 1467 812 Divum,

145 832 411 891 Respondes
438 834 533 885 his,
569 833 674 875 Iane
698 842 828 891 pater
842 835 862 875 ἰ’

930 832 1099 888 lllagua
1130 834 1223 873 otia
1255 830 1369 871 coeli
1384 847 1393 870 :

144 902 192 943 N
195 917 255 943 on
275 911 354 953 est,
378 910 431 943 ut
453 903 597 953 video,
617 917 712 943 11011
733 911 813 954 est,
838 903 959 957 quod
981 909 1141 957 agatur
1161 900 1283 956 apud
1301 912 1394 939 vos·
1435 895 1531 954 395

144 968 268 1012 Haec
303 971 358 1012 de
393 971 620 1011 comoedis
657 978 701 1011 te
737 970 958 1021 consulit3
994 969 1073 1010 illa
1108 968 1378 1023 tragoedum

145 1037 476 1080 Commendare
511 1038 657 1080 volet:
695 1042 923 1080 varicosus
955 1037 1033 1078 fiet
1062 1036 1309 1093 haruspex.

245 1105 332 1148 Sed
363 1114 513 1148 cantet
540 1110 716 1163 potius,
756 1121 890 1162 quam
922 1113 1066 1147 totam
1093 1104 1304 1162 pervolet
1335 1101 1500 1143 urbem,

148 1170 339 1226 Audax,
385 1182 431 1216 et
463 1183 615 1217 coetus
648 1178 791 1231 possit
822 1190 957 1230 quam
989 1173 1109 1215 serre
1141 1176 1348 1214 virorum

148 1242 353 1299 Cumque
385 1243 611 1300 paludatis
648 1243 833 1284 ducibus
863 1249 1101 1299 praesente
1136 1243 1302 1281 marito

1435 1236 1534 1279 400

145 1310 247 1369 Ipsa
283 1312 411 1366 loqui
446 1320 570 1353 reeta
597 1311 709 1353 facie
738 1314 996 1366 strictisque
1026 1309 1257 1350 mamillis.

147 1377 272 1421 Haec
307 1381 462 1422 eadem
495 1383 648 1433 novit.
687 1381 795 1435 quid
832 1387 931 1421 toto
966 1378 1044 1420 fiat
1080 1381 1127 1420 in
1163 1376 1297 1430 orbe3

148 1523 255 1554 etiam
269 1521 345 1554 MS.
366 1521 513 1555 Sci-iver.
534 1524 570 1554 in
591 1533 660 1564 quo
682 1522 812 1564 legitur

146 1577 246 1611 AllI.
292 1578 442 1620 Vulgata
465 1587 582 1611 tamen
602 1580 707 1610 lectio
730 1579 763 1610 h.
786 1579 812 1609 l.

147 1645 220 1666 *non
232 1635 454 1669 sollicitanda
466 1635 613 1667 videtur.
632 1647 660 1666 v.
672 1635 812 1667 Con‘uu.

195 1690 273 1723 586.
307 1691 391 1722 Cum
411 1690 519 1736 farre
543 1703 607 1734 pro
634 1693 684 1724 Et
705 1692 812 1735 Jizrre

149 1749 286 1780 restitui
311 1759 351 1779 ex
374 1757 426 1779 1ο.
449 1759 499 1780 11.
530 1748 665 1791 14-27.
688 1748 812 1780 lla-sto.

151 1804 209 1838 54.
229 1804 285 1836 55.
304 1801 443 1848 57—69.
472 1814 525 1848 71.
546 1815 600 1848 72.
625 1803 810 1849 75.77.85.

151 1872 199 1895 ae
224 1872 308 1894 vino
333 1872 382 1893 11.

196 1918 274 1952 588.
291 1916 423 1962 faciat
445 1927 497 1960 19.

197 1976 278 2020 592.
303 1973 466 2006 Protulit
498 1983 550 2006 10.
590 1971 642 2004 16.
673 1971 724 2005 18.
761 1983 812 2017 19.

151 2043 206 2076 27.
235 2030 374 2064 46-50.
403 2029 542 2074 54-69.
586 2032 729 2073 71-751.
760 2041 814 2073 77.

152 2088 209 2122 85.
230 2097 264 2121 et.
281 2088 331 2121 XI
354 2087 457 2120 codd.
480 2087 585 2119 Paris.
609 2086 704 2128 quod
728 2097 816 2129 pro-

153 2146 224 2186 bat,
239 2153 374 2188 praeter
396 2145 439 2178 I-I.
459 2144 637 2177 valesium
658 2152 691 2175 et
719 2145 816 2183 alios,

154 2203 348 2243 Dorleans,
382 2203 464 2244 quia
489 2209 609 2243 agatur
631 2200 672 2232 de
692 2202 817 2242 prose-

156 2258 274 2292 rendis
295 2260 365 2291 voti
384 2259 497 2291 verbis
517 2258 732 2290 solennibus.
772 2256 818 2291 At

159 2327 190 2349 v.
210 2315 349 2348 Comm-

205 2372 282 2416 595.
322 2372 409 2417 quid
436 2383 485 2404 11.
521 2370 572 2404 16.
603 2382 658 2403 22.
686 2370 740 2403 24.
763 2369 819 2403 25.

160 2428 300 2462 45-50.
319 2429 392 2460 54-
405 2427 458 2472 69.
481 2441 518 2473 71
535 2429 619 2474 -7-1.
638 2428 694 2461 85.

208 2484 285 2529 596.
309 2485 453 2517 comedo
476 2485 530 2518 24.

209 2540 287 2586 597.
302 2539 381 2583 fiat
400 2541 451 2574 14.
473 2560 517 2566 —-
536 2552 690 2586 aruspex
700 2552 821 2575 21.22.

164 2599 218 2632 64.
268 2597 322 2630 Cf.
342 2597 385 2628 ad
404 2597 447 2637 II,
472 2609 546 2630 121.

211 2655 287 2700 598,
305 2654 434 2698 potius
453 2660 580 2687 cantet
600 2666 654 2687 22.

869 1532 963 1566 quae
975 1525 1108 1563 posset
1131 1518 1181 1550 14,
1201 1529 1254 1550 22.
1301 1514 1533 1561 quaepossit

874 1578 924 1610 18.
945 1577 1000 1610 26.
1039 1577 1168 1620 possit
1186 1574 1347 1619 perferre
1381 1584 1419 1616 19
1441 1584 1458 1604 a
1481 1584 1533 1604 m.

868 1646 922 1677 pr.
963 1644 1071 1678 quam
1094 1633 1198 1678 serre
1225 1643 1288 1674 pro
1317 1641 1410 1674 quae
1431 1629 1536 1674 firi-e

869 1691 985 1732 recepi
1015 1701 1056 1721 cx
1088 1701 1139 1721 10.
1167 1688 1221 1720 24.
1242 1688 1296 1719 25.
1317 1698 1371 1730 27.
1391 1684 1534 1717 46-50.

869 1746 1009 1790 54-(59.
1043 1745 1184 1789 71-74.
1206 1756 1259 1788 77.
1291 1751 1325 1775 et
1353 1744 1533 1788 plerisque

869 1804 974 1836 codd.
995 1803 1101 1834 Paris.

915 1863 995 1893 401.
1030 1859 1105 1891 Illa
1129 1857 1180 1891 16.
1197 1856 1254 1891 85.
1282 1875 1328 1882 -
1356 1855 1537 1901 siccisque

869 1916 1039 1959 mamillis
1063 1928 1075 1948 1
1090 1915 1154 1948 -4,
1180 1914 1233 1946 14.
1258 1925 1309 1957 17.
1330 1924 1384 1945 20.
1404 1924 1458 1945 21.
1477 1922 1533 1945 22.

872 1986 925 2019 29.
950 1983 984 2006 et
1003 1974 1068 2005 XV
1087 1971 1191 2004 codd.
1211 1970 1317 2002 Paris.
1347 1970 1382 2001 h.
1402 1981 1431 2001 e.
1459 1970 1534 1999 sine

871 2033 962 2064 lacte
979 2038 1150 2063 malci-uo.
1175 2029 1333 2069 Utraque
1350 2027 1454 2059 lectio
1471 2037 1535 2057 ex-

872 2090 996 2131 plicari
1022 2086 1159 2119 videtur
1189 2093 1256 2118 vet.
1275 2084 1430 2117 scholio:
1464 2082 1535 2114 ad-

873 2144 942 2177 lmc
978 2144 1086 2176 nudis
1132 2142 1247 2185 (quae
1281 2152 1347 2174 vox
1381 2142 1417 2172 iu
1454 2138 1533 2172 cod.

875 2202 1043 2235 Schm-zss.
1090 2194 1244 2236 additur)
1286 2195 1533 2234 exstantibus,

873 2258 932 2292 vel
951 2259 1030 2290 sine
1049 2257 1190 2290 sudore.
1237 2244 1424 2289 CssVales-ii
1455 2261 1539 2286 nota

876 2323 926 2347 est
944 2315 1048 2346 haec:
1076 2313 1142 2346 Pro
1162 2312 1371 2356 strictisque
1390 2311 1537 2344 omnino

876 2371 1069 2414 legendum
1086 2371 1283 2415 rectisque,
1315 2370 1337 2399 i.
1358 2379 1387 2399 0.
1409 2367 1536 2398 stanti-

877 2429 960 2469 bus,
991 2436 1028 2460 ut
1056 2427 1201 2459 nudatas
1219 2425 1371 2465 intelligi
1393 2431 1538 2467 oporte-

879 2495 934 2526 at,
966 2496 1052 2527 quae
1075 2485 1213 2525 elegans
1229 2482 1354 2513 allusio
1378 2489 1446 2522 est,
1483 2480 1538 2511 vel

880 2543 1084 2585 exertisque
1124 2539 1200 2571 scil.
1238 2550 1255 2570 e
1294 2539 1394 2578 sinu,
1441 2533 1539 2578 quod.

880 2611 992 2632 unum
1013 2598 1178 2638 idemque
1205 2604 1255 2628 est
1275 2607 1357 2627 cum
1374 2595 1496 2626 rectis.
1533 2613 1536 2618 ·

928 2653 1095 2696 402.fiet
1118 2652 1165 2684 15.
1188 2653 1240 2686 16.
1265 2650 1316 2684 18.
1347 2657 1427 2684 toto
1453 2648 1541 2695 quid

209 2712 288 2758 599.
305 2716 436 2756 posset
472 2723 565 2761 quae
602 2724 654 2756 17.
684 2712 738 2747 25.
769 2711 826 2748 45.
870 2710 953 2755 fiat
972 2711 1028 2747 24.
1075 2716 1164 2743 tota
1181 2726 1218 2737 -
1241 2707 1326 2743 urbe
1342 2719 1398 2752 27.
1416 2706 1537 2751 4235.
