1759 3029
1449 140 1506 168 'XI

316 450 378 502 D.
448 453 699 503 IVNII
771 450 1291 503 IVVENALIS

481 590 733 664 VI

845 549 1133 659 *TA

141 744 324 796 QVAE
367 747 614 787 VVLGo
660 723 1057 787 TRIBVITVR
1097 736 1472 786 stToNI'O.

154 897 366 932 Suetonium
401 884 578 945 scripsisse
603 902 773 935 libellum

111 953 154 986 de
180 959 301 999 poetis,
329 966 361 990 et
387 959 423 991 in
449 959 514 991 hoe
539 962 623 993 vitas
651 971 776 992 eorum

111 1016 327 1056 exposuisse,
352 1018 408 1048 vix
432 1025 482 1050 est
508 1016 604 1059 quod
629 1017 775 1049 dubite-

108 1080 200 1102 mus.
232 1083 263 1102 v.
294 1072 417 1106 Isidor.
453 1073 578 1117 Origg.
608 1074 703 1114 VIII,
744 1086 775 1117 7.

110 1126 189 1159 Rol.
220 1128 360 1161 Maresii
398 1129 548 1173 Epistol.
581 1143 659 1175 pag.
696 1131 774 1175 475.

110 1182 194 1216 edit.
239 1185 333 1228 Lips.
378 1195 412 1220 et
449 1187 547 1220 Voss.

111 1253 141 1274 c.
167 1241 243 1274 VII.
267 1243 300 1286 §-
323 1255 356 1287 9.
419 1246 548 1277 Utrum
582 1256 664 1277 vero
691 1244 776 1276 haec

107 1299 284 1333 Iuvenalis
308 1303 376 1334 vita
396 1303 440 1334 sit
467 1302 640 1343 Suetonii,
679 1301 776 1344 quod

594 1189 637 1220 de
685 1190 775 1220 imit.

108 1358 270 1400 plerique
305 1361 529 1400 existimant,
578 1372 621 1391 an
655 1357 775 1400 Probi,

109 1417 168 1448 cui
194 1428 264 1449 una
287 1428 369 1449 cum
393 1418 546 1459 antiquis
569 1417 713 1449 scholiis
736 1419 773 1449 in

107 1471 313 1505 Iuvenalem
345 1485 364 1505 a
388 1473 492 1505 Valla
525 1482 559 1506 et
592 1475 670 1506 aliis
703 1475 773 1506 tri-

108 1529 243 1570 buitur,
264 1530 329 1574 (de
355 1542 425 1575 quo
451 1531 565 1574 probo
591 1543 623 1564 v.
647 1534 713 1564 ins.
735 1534 772 1564 in

109 1586 188 1618 Iud.
214 1586 326 1619 Editt.
359 1587 402 1619 ad
438 1601 467 1619 a.
502 1587 612 1631 1583.)
637 1601 679 1620 an
705 1589 773 1620 dea-

111 1644 217 1685 uique
246 1643 478 1675 Grammatiei
500 1645 646 1676 alicuius
664 1647 778 1677 serio—

108 1702 177 1741 ris,
202 1712 274 1732 non
291 1701 372 1732 satis
391 1709 536 1735 constat,
585 1701 778 1733 Salmasius

110 1759 147 1791 in
171 1758 480 1798 commentatione,
507 1770 594 1800 quae
613 1759 701 1790 hanc
720 1761 776 1791 vi-

108 1824 183 1850 tam
204 1815 341 1857 exeipit,
367 1813 427 1854 (ad
453 1814 566 1846 Solin.
587 1826 666 1857 pag.
681 1815 776 1852 320.)

110 1871 327 1908 confidenter
358 1872 530 1912 affirmat,
577 1883 656 1907 eam
681 1870 776 1903 Sue-

112 1930 211 1962 tonio
237 1927 492 1970 adsignandam
519 1939 609 1969 csse,
642 1937 675 1961 et
700 1938 774 1974 sty-

111 1988 191 2019 lum
213 1986 249 2018 id
274 1987 380 2029 plane
407 1987 584 2026 evincere,
618 1997 682 2018 nec
714 1999 775 2018 re·-

110 2054 268 2090 pugnare
317 2051 478 2082 aetatem.
547 2042 618 2075 Sed
666 2055 776 2086 quam

113 2103 296 2134 infirmum
318 2103 363 2133 sit
389 2101 561 2133 eiusmodi
581 2112 775 2143 argumen-

111 2167 214 2199 tum,
266 2169 284 2190 e
324 2157 488 2190 dictionis
533 2160 775 2191 convenientia

114 2215 281 2256 ductum,
328 2217 534 2258 praesertim
567 2217 603 2248 in
629 2227 777 2258 compa-

112 2262 248 2306 ratione
268 2281 341 2304 tam
364 2272 475 2304 brevis
500 2274 638 2315 scripti,
672 2273 775 2304 facile

116 2331 339 2373 intelligitur.
395 2329 464 2362 Vix
489 2341 630 2372 quoque
658 2330 776 2361 credi·-

117 2386 250 2428 εἰει-1111,
273 2386 503 2427 Suetonium,
529 2389 589 2429 qui
620 2388 775 2420 Iuvenali

117 2445 269 2485 aequalis
293 2444 371 2486 fuit,
398 2447 443 2486 (v.
475 2443 565 2476 Plin.
590 2445 654 2487 Ep.
677 2445 704 2485 I,
722 2446 776 2477 24.

116 2499 159 2541 X,
201 2501 256 2544 95.
296 2502 351 2546 96.

117 2558 232 2590 driani
258 2570 287 2590 c.
313 2559 379 2602 11.)
405 2567 476 2591 tam
499 2571 629 2602 pauca,
655 2567 688 2591 et
703 2568 777 2592 tam

400 2501 575 2544 Spartiani
609 2503 669 2534 vit.
702 2503 777 2534 Ha·-

118 2617 269 2657 incerta,
315 2614 417 2659 (nam
461 2628 506 2648 ne
554 2625 777 2660 compertum

118 2671 265 2714 quidem
298 2672 442 2716 habuit,
472 2685 560 2708 num
593 2683 695 2718 poeta
727 2676 779 2708 li-

827 1758 902 1793 ,alia
932 1759 1088 1790 omisisse.
1099 1781 1108 1798 ,

833 902 964 935 bertini
1013 901 1202 944 locupletis
1252 900 1346 932 filius
1380 899 1502 942 fue1·it,·

833 972 877 993 an
908 957 1098 1001 alumnus)
1127 957 1344 989 traditurum
1379 957 1500 993 fuisse.

833 1017 1000 1059 Quisquis
1032 1026 1113 1046 vero
1149 1022 1268 1047 auctor
1305 1015 1372 1046 fuit
1397 1015 1502 1048 huius

832 1075 932 1114 vitae,
974 1084 1012 1104 ea
1033 1074 1159 1104 saltem
1185 1072 1308 1103 ceteris
1333 1072 1502 1105 omnibus

834 1138 867 1162 et
893 1131 1070 1172 antiquior
1094 1140 1166 1160 esse
1190 1127 1328 1161 videtur
1363 1137 1396 1161 et
1430 1129 1503 1161 fido

835 1187 987 1231 dignior.
1043 1187 1187 1218 Etenim
1210 1198 1281 1218 non
1307 1187 1343 1217 in
1368 1187 1501 1229 pleris—

834 1256 901 1287 que
935 1252 1072 1276 tantum
1105 1244 1218 1285 iisque
1253 1245 1396 1286 optimis
1442 1245 1502 1276 le-

833 1303 927 1344 gitur
952 1301 1190 1341 membranis,
1224 1301 1286 1332 sed
1313 1303 1349 1333 in
1375 1301 1503 1333 multis

834 1360 939 1390 etiam
964 1360 1019 1389 wel
1044 1359 1183 1401 plenius
1205 1359 1261 1389 vel
1289 1360 1502 1392 contractius

831 1417 989 1448 confecta
1016 1417 1211 1447 inveniturs
1236 1415 1289 1447 Ex
1317 1426 1387 1458 quo
1413 1427 1503 1458 pro-

830 1474 950 1505 babile
974 1475 1031 1513 fit,
1053 1472 1178 1512 illam,
1206 1473 1233 1503 si
1260 1484 1332 1505 non
1360 1485 1378 1503 a
1403 1472 1500 1504 Sue—-

829 1533 946 1571 touio,
996 1537 1087 1562 certe
1123 1529 1165 1560 ab
1198 1531 1343 1571 antiquo
1380 1529 1503 1572 aliquo

832 1587 1074 1619 Grammatico
1093 1586 1291 1629 profectam
1319 1597 1392 1618 esse
1408 1611 1417 1626 ‚
1466 1593 1501 1617 et

834 1646 980 1676 seriores
1005 1643 1133 1675 deinde
1155 1642 1415 1675 Grammaticos
1439 1654 1502 1676 seu

834 1701 1045 1741 monachos,
1089 1711 1168 1732 eam
1202 1699 1503 1741 transscribentes,

1159 1758 1226 1788 alia
1248 1767 1329 1788 vero
1355 1756 1398 1787 de
1429 1758 1500 1789 suis

834 1817 1038 1846 attexuisse:
1088 1815 1185 1845 cuius
1211 1815 1349 1855 generis
1380 1813 1501 1856 pluri-

832 1881 907 1901 mas
943 1871 1230 1912 interpolationes
1270 1870 1411 1903 exhibet
1436 1883 1501 1902 co-

834 1927 901 1959 dex
937 1927 1145 1971 Vossianus3

832 1986 893 2017 nio
932 1993 986 2026 et,
1033 1987 1093 2026 qui
1131 1992 1213 2016 eum
1238 1986 1378 2025 sequuti
1406 1993 1501 2026 sunt,

1182 1939 1265 1969 quas
1293 1927 1334 1958 ab
1360 1927 1502 1961 Hennie-

833 2042 1013 2074 sodalibus
1037 2042 1232 2085 Bipoutinis
1252 2049 1407 2083 receptas
1427 2053 1501 2074 esse

832 2100 990 2140 mireris,
1040 2111 1151 2141 quum
1182 2100 1238 2130 vel
1264 2100 1401 2131 ieiunae
1429 2101 1500 2131 sint

833 2157 889 2189 vel
925 2158 1073 2199 ineptae.
1145 2155 1326 2188 Praeterea
1361 2157 1498 2188 multae

835 2214 980 2255 quidem
1006 2215 1093 2245 aliae
1118 2214 1290 2245 Iuvenalis
1315 2215 1405 2246 vitae
1437 2211 1500 2246 re-'0

833 2273 1016 2314 periuntur
1038 2272 1073 2302 in
1101 2271 1282 2304 codicibus
1317 2272 1391 2303 eius
1425 2280 1498 2303 tant

833 2330 970 2371 scriptis
996 2340 1102 2371 quam
1129 2328 1254 2369 editi53
1277 2328 1339 2360 sed
1364 2340 1499 2370 omnes,

833 2388 976 2418 mutatis
1008 2394 1147 2418 tantum
1179 2386 1314 2426 verbis,
1363 2397 1405 2419 ex
1435 2386 1501 2418 hac

834 2455 1011 2487 expressae
1039 2451 1120 2476 sunt
1163 2450 1197 2474 et
1240 2451 1422 2487 tamquam
1457 2454 1500 2476 ex

834 2502 931 2533 sonte
955 2501 1090 2542 ductae,
1113 2509 1152 2533 ut
1177 2508 1211 2532 et
1228 2502 1396 2542 reliquae,
1412 2511 1499 2542 quas

835 2558 1029 2604 Gyraldus,
1081 2556 1236 2591 Crinitus
1262 2566 1296 2589 et
1320 2558 1380 2591 alii
1407 2569 1498 2588 eon-

835 2618 1041 2648 cinnarunt:
1068 2626 1173 2658 quare
1200 2617 1296 2648 iniis
1317 2615 1499 2657 colligen-

834 2674 889 2707 dis
921 2673 1229 2718 exnoribnndisque
1260 2672 1393 2706 honam
1427 2671 1496 2703 hoa
