1759 3029
420 141 510 182 AD
551 139 692 183 SAT.
734 138 809 187 IX,
840 139 908 182 40.
950 139 1142 183 60—62.
1398 144 1479 202 559

93 256 257 297 libidini
280 255 474 307 indulget,
509 255 576 292 cui
599 255 802 306 imperare
837 268 920 292 non
952 262 1108 306 potest3
1162 257 1240 304 vel,
1275 259 1476 298 calculum

95 331 137 362 et
158 326 335 362 rationes
366 337 522 361 mecum
550 322 751 371 subducit,
786 322 883 359 dum
906 323 1046 373 explet
1069 324 1290 363 libidinem.
1332 328 1476 366 Cevere

93 393 260 443 proprie
294 389 494 441 significat
535 390 672 427 clunes
705 403 870 428 movere
896 403 1010 427 more
1040 404 1195 438 canum,
1229 392 1288 442 (v.
1317 394 1474 434 Com'm.

93 458 142 497 ad
162 459 242 496 Sat.
269 459 323 506 Π,
355 458 442 506 21.)
477 462 518 495 et
553 459 684 508 aptius
717 457 754 494 11.
778 457 804 494 l.
823 458 993 495 verbum
1010 463 1081 506 est,
1114 472 1232 510 quam
1268 473 1386 500 canet
1408 465 1477 503 vel

91 535 220 570 cavet,
260 539 361 577 qnae
390 526 576 577 plerique
610 526 858 575 interpretes
890 538 964 575 pro
1000 539 1048 561 eo
1081 526 1392 569 substituerunt.
1424 549 1475 571 ac

90 602 201 630 cevet
233 605 265 630 1.
291 593 355 631 60.
383 592 446 631 65.
473 593 536 644 69„
560 605 621 641 70.
650 593 712 641 75.
740 592 802 641 76.
827 590 892 632 82.
928 600 964 628 ει
989 601 1096 629 cevez
1119 594 1183 631 31.
1217 596 1280 646 49.
1315 601 1378 636 54.
1409 603 1474 639 55,

89 659 266 698 61-65,
289 659 465 698 66-68.
501 672 566 709 71.
603 672 665 707 72.
700 671 762 707 77.
798 660 861 696 81-
893 664 933 696 et
966 658 1054 696 cod.
1087 658 1179 697 Put.
1215 673 1337 714 alqzee
1365 679 1477 708 eevet

88 726 282 764 adversus
317 733 496 765 metrum
533 728 598 765 25.
638 724 701 765 56.
735 728 798 775 57.
837 735 960 778 atque
996 735 1110 764 cenet
1141 729 1205 780 59.
1237 734 1397 773 vitiose.
1419 758 1475 766 ..-

89 803 128 832 et
152 803 268 831 cavet
287 796 351 832 24.
380 795 442 843 73.
501 793 672 831 Rectius
707 802 827 844 atque
854 803 969 831 cavet
1003 807 1174 833 loa-12.
1205 800 1253 836 14
1272 824 1284 826 -
1311 803 1375 840 23.
1408 816 1473 854 27.

87 862 265 899 45-48.
296 863 360 900 50.
389 863 452 899 58.
479 862 541 900 64.
569 862 632 910 74.
659 867 699 898 et
727 861 925 899 XXXIV
959 860 1075 898 codd.
1109 863 1234 902 Paris.
1266 895 1289 916 ,‚
1302 869 1348 907 Id
1377 885 1474 910 sen-

87 942 179 966 sum
215 930 425 966 satiricum
459 929 593 967 minus
631 929 762 977 offert,
791 928 863 966 sed
899 927 1203 969 honestiorem:
1243 947 1359 975 cavet
1386 941 1471 978 scil,

83 1009 136 1033 ne
166 995 209 1032 in
247 984 550 1046 computatione
587 995 814 1047 decipiatur
847 1002 889 1033 et
919 1010 970 1033 ne
1000 997 1091 1047 plus
1124 1013 1252 1051 aequo
1283 1004 1324 1041 in
1354 1020 1473 1047 snum

82 1061 282 1102 draucum
306 1063 531 1110 conferat‚“
558 1063 662 1100 Brit.
689 1069 730 1100 et
753 1062 853 1100 Aah.
914 1065 1052 1108 Cavet,
1094 1079 1146 1103 ne
1181 1069 1271 1118 plus
1300 1075 1474 1126 accipiat

85 1128 282 1178 servulus,
319 1130 508 1171 PRAT,
578 1129 774 1167 Eamdem
807 1130 1028 1170 lectionem
1073 1133 1260 1174 defendit
1292 1139 1473 1180 Schurz-

84 1197 237 1235 fleisch.
258 1196 321 1234 his
356 1198 513 1235 verbis:
570 1197 732 1245 „Poeta
752 1195 994 1246 Naevolum,
1017 1201 1126 1250 quod
1147 1202 1251 1242 nihil
1283 1221 1304 1243 a
1327 1207 1473 1248 diviti-

85 1265 161 1304 bus
184 1265 384 1302 donorum
409 1265 623 1315 acciperet,
674 1264 905 1302 consolatus
932 1272 995 1303 est
1027 1280 1049 1304 a
1073 1282 1109 1306 v.
1149 1271 1213 1308 32.
1244 1274 1470 1316 reiiciendo

83 1333 244 1383 culpam
268 1333 312 1370 in
341 1338 463 1375 astra,
495 1330 680 1369 homines
705 1332 827 1370 etiam
859 1332 1047 1371 cinaedos
1079 1339 1273 1387 regentia.
1333 1343 1473 1383 Finito

83 1413 284 1437 sarcasmo
306 1413 343 1437 v.
366 1401 430 1437 38.
455 1413 563 1452 seqq.
589 1398 717 1436 insert
737 1398 956 1448 Naevolus,
983 1402 1053 1439 illa
1076 1405 1283 1453 patienter
1305 1411 1473 1461 quidem

84 1481 129 1505 se
158 1468 292 1515 serre,
335 1467 405 1504 sed
433 1466 511 1504 hoc
546 1459 805 1504 intolerabile
847 1481 945 1515 esse,
980 1470 1089 1519 qnod
1123 1472 1287 1522 quidam
1315 1478 1473 1528 pathici

82 1535 164 1572 sint
191 1534 313 1582 avari,
344 1534 413 1585 qui
439 1534 574 1581 etiam,
605 1546 705 1584 quae
734 1532 935 1580 dederint,
959 1535 1191 1576 obiiciendo
1217 1546 1473 1592 exprobrent

82 1608 125 1639 et
161 1602 296 1638 onmia
331 1606 518 1638 accurate
555 1605 792 1649 computent
834 1607 1076 1653 pactamque
1109 1607 1340 1647 mercedem
1374 1613 1472 1651 inde

81 1668 312 1706 decurtent.
381 1667 488 1716 Quis
522 1665 617 1703 inde
644 1678 726 1701 non
761 1665 934 1714 videret,
968 1662 1015 1708 τὸ
1047 1680 1159 1708 eevet
1192 1672 1229 1710 h.
1261 1675 1286 1712 l.
1313 1674 1470 1721 ἄτοπον

82 1750 182 1783 esse,
209 1735 280 1772 ubi
305 1748 387 1772 non
419 1734 500 1771 nisi
524 1733 572 1770 de
604 1732 831 1770 rationibus
856 1735 1021 1785 agitur?
1079 1737 1159 1774 Sed
1185 1740 1253 1778 ille
1287 1758 1373 1782 mos
1409 1755 1471 1787 est

82 1802 352 1855 quorumdam
371 1801 633 1848 criticorum,
655 1805 701 1836 ut
721 1813 804 1837 non
818 1802 898 1839 nisi
912 1803 1108 1841 vocabula
1125 1819 1237 1845 casca
1259 1815 1469 1855 autetiam

81 1875 341 1921 praetextata
370 1868 413 1905 in
443 1869 575 1905 bonos
612 1873 798 1905 auctores
844 1869 1063 1919 inculcent,
1111 1873 1159 1910 ad
1194 1880 1330 1917 nescio
1366 1897 1467 1935 quos

83 1936 244 1974 codices
283 1941 564 1987 provocantes.
578 1936 602 1954 “
657 1936 880 1975 Enimvero
925 1947 1036 1976 cevec
1074 1939 1118 1977 in
1154 1942 1362 1998 plerisque
1403 1952 1467 1990 10-

81 2003 193 2054 gitnr
218 2003 354 2050 libris,
395 2015 470 2038 nec
506 2002 639 2051 video,
672 2017 746 2040 eur
768 2003 945 2041 alienum
979 2005 1032 2042 sit
1065 2008 1112 2044 ab
1134 2007 1171 2045 11.
1198 2012 1222 2048 1.
1253 2016 1323 2053 ubi
1344 2026 1468 2069 poeta

81 2070 276 2117 ostendit,
302 2069 524 2107 ridiculum
548 2084 639 2107 csse
663 2069 885 2119 hominem,
917 2073 998 2123 qni,
1026 2073 1121 2113 dum
1148 2077 1359 2121 libidinem
1390 2100 1466 2124 ex-
1495 2086 1497 2089 ’

80 2136 195 2187 plere
217 2137 364 2187 cupiat,
387 2142 471 2174 tam
493 2149 637 2175 avarus
659 2138 723 2186 sit,
753 2143 794 2175 et
812 2137 1025 2178 libidinem
1050 2143 1136 2181 eius
1147 2148 1356 2188 >maiorem
1377 2167 1468 2192 esse

82 2201 262 2239 avaritia.

449 2270 484 2308 E
539 2272 584 2310 X
637 2271 668 2309 C
717 2272 759 2311 V
806 2272 847 2310 R
898 2274 924 2310 S
973 2275 1015 2312 V
1061 2277 1090 2314 S

527 2340 585 2376 ad
609 2339 694 2377 Sat.
723 2340 799 2387 IX,
831 2340 1024 2380 60—62.
1420 2396 1423 2399 ,

195 2403 354 2440 Melius
386 2418 434 2440 ne
458 2401 523 2455 59.
549 2405 612 2444 60.
656 2421 678 2444 a
714 2408 858 2458 quibus
895 2409 1017 2447 etiam
1049 2410 1118 2449 lzt'e
1149 2415 1280 2466 abest,
1336 2427 1383 2466 ut
1418 2424 1469 2465 ab

85 2470 153 2509 25.
175 2468 240 2518 57.
271 2471 413 2506 melior
439 2481 503 2519 27.
531 2473 596 2520 47.
627 2474 769 2510 melior
794 2489 866 2512 nec
887 2475 955 2512 hic
980 2477 1044 2514 48.
1068 2479 1133 2516 58.
1155 2486 1300 2523 melias
1321 2503 1471 2527 nae—-

86 2538 249 2589 legatas
266 2537 349 2584 fiet
385 2539 511 2574 amiel
542 2538 606 2577 24.
634 2539 756 2592 idque
790 2542 963 2579 malebat
991 2544 1172 2585 Britann.
1207 2549 1288 2589 hoe
1328 2570 1470 2597 sensu:

87 2618 193 2648 nae,
244 2603 456 2654 profecto,
499 2605 594 2650 hic,
626 2606 791 2656 Romae,
823 2610 982 2652 melius,
1017 2625 1108 2651 cum
1143 2618 1288 2657 majori
1312 2625 1471 2662 emolu,

87 2676 238 2719 mento,
260 2672 435 2722 legata-3,
460 2671 743 2711 internuncius
782 2681 823 2712 ct
855 2675 984 2713 veluti
1007 2678 1100 2718 leno
1114 2683 1198 2730 fiet
1220 2691 1348 2727 amici
1366 2693 1470 2742 Pul.

918 2741 1009 2781 Y2
