1759 3029
266 147 353 196 126

602 152 655 190 D.
713 146 1315 190 IVN.'1VVENALIS

268 267 391 311 Nam
422 270 462 312 si
492 270 727 310 constituit
759 253 984 322 solitoque
1018 267 1248 309 decentius
1296 273 1424 322 optat

271 336 444 379 Ornari
474 343 519 377 et
551 342 771 392 properat
804 338 982 390 iamque
1014 342 1304 392 exspectatur
1339 338 1386 375 in
1423 332 1570 379 hortis

268 402 370 447 Aut
402 404 521 461 apud
554 403 715 445 Isiacae
744 406 897 460 potius
925 406 1115 445 sacraria
1148 402 1300 456 lenae3

268 468 488 530 Disponit
523 474 695 514 crinem
730 471 933 512 laceratis
978 475 1074 527 ipsa
1105 471 1279 527 capillis

1552 467 1647 526 490

268 538 406 584 Nuda
441 541 633 584 humero
667 538 824 581 Psecas
858 538 1022 580 infelix
1059 540 1279 593 nudisque
1312 537 1538 579 mamillis.

220 615 223 619 “
269 608 427 657 Altior
461 608 535 650 hic
569 623 706 663 quare
741 610 975 648 cincinnus
989 607 1009 647 '2'
1056 605 1234 647 Taurea
1268 609 1403 662 punit

271 677 501 720 Continuo
538 676 647 718 flexi
680 668 852 717 crimen
884 674 1146 727 facinusque
1183 674 1347 729 capilli.

270 746 393 798 Quid
427 745 584 787 Psecas
618 742 829 785 admisit?
867 756 1088 797 quaenam
1109 749 1176 783 est
1195 740 1268 782 hic
1295 740 1431 797 culpa
1453 739 1650 797 puellae,

219 842 223 847 ,
270 814 317 855 Si
348 814 428 856 tibi
459 814 689 870 displicuit
723 826 855 852 nasus
889 809 1026 852 tuus?
1073 806 1237 851 Altera
1270 809 1451 850 laevum

1554 806 1649 865 495

266 880 491 924 Extendit
525 883 755 938 pectitque
786 893 934 919 comas
972 885 1016 918 et
1055 878 1200 919 volvit
1232 881 1282 917 in
1315 875 1485 918 orbem.

268 949 353 992 Est
382 954 430 991 in
466 949 656 990 consilio
692 955 901 988 matrona
935 947 1204 1000 admotaque
1240 945 1356 986 lanis

270 1018 473 1060 Emerita
511 1031 622 1072 quae
659 1021 801 1059 cessat
835 1028 936 1055 acu:
974 1016 1196 1054 sententia
1228 1016 1376 1070 prima

268 1085 420 1128 Huius
453 1089 563 1135 erit3
599 1091 704 1140 post
737 1082 854 1123 hanc
890 1089 1032 1123 aetate
1062 1089 1197 1136 atque
1229 1088 1325 1123 arte
1360 1083 1560 1121 minores

272 1153 558 1204 Censebunt,
603 1159 836 1206 tamquam
866 1149 1010 1190 famae
1040 1151 1282 1191 discrimen
1309 1155 1467 1204 agatur

1556 1147 1652 1191 500

271 1220 371 1265 Aut
402 1225 599 1263 animae:
645 1226 772 1260 tanta
809 1225 876 1258 est
913 1218 1161 1272 quaerendi
1194 1232 1302 1258 cura
1333 1219 1519 1258 decoris.

273 1355 326 1390 72.
354 1354 406 1385 72.
428 1341 471 1386 74
484 1341 569 1384 -'77.
593 1347 626 1372 et
656 1337 732 1370 eod.
761 1335 937 1378 Schegkii,

273 1412 382 1443 quem
398 1399 476 1431 vide
500 1399 536 1429 iu
567 1396 728 1427 Prooem.
753 1397 782 1428 5.
841 1395 936 1426 Pro-

266 1456 421 1504 fectura
444 1455 548 1487 domo
574 1466 625 1486 10.
650 1465 699 1485 11.
722 1464 758 1495 17
773 1464 858 1484 -20.
883 1451 936 1483 25.

272 1516 328 1548 25.
363 1524 416 1556 27.
448 1511 503 1543 52,
531 1509 672 1543 45-48.
702 1510 757 1542 5ο.
795 1508 936 1542 56-1ἶ8.

274 1581 330 1616 71.
366 1568 418 1611 75.
439 1567 494 1599 85.
515 1574 547 1597 et
570 1567 676 1597 multi
705 1565 808 1597 codd.
830 1565 937 1597 Paris.

271 1634 394 1659 contra
413 1625 517 1656 metri
539 1625 645 1664 leges,
673 1622 764 1654 unde
781 1623 937 1654 Proces-

270 1692 359 1716 δαν-α
395 1681 498 1712 domo
527 1679 666 1710 emend.
705 1679 872 1711 Schurzss.
904 1686 937 1710 et

270 1739 459 1773 Ferrettus.
488 1749 518 1767 v.
539 1736 636 1768 Voss.
661 1737 685 1767 l.
707 1737 731 1768 l.
758 1736 861 1768 domo
888 1747 935 1766 11.

273 1809 315 1840 17
328 1815 348 1821 ·—
361 1807 414 1838 27.
446 1794 500 1826 52.
528 1793 571 1826 45
584 1812 604 1817 -
617 1791 672 1825 48.
701 1792 755 1825 50.
795 1793 836 1825 56
849 1811 869 1816 ·-
883 1791 936 1824 68.

271 1865 329 1898 71.
350 1852 401 1893 75.
423 1859 456 1882 et
484 1851 570 1881 alter
590 1849 666 1881 cod.
686 1848 836 1892 Schegk.

319 1908 398 1941 488.
423 1913 459 1938 et
483 1907 578 1938 abest
597 1906 639 1937 ab
660 1906 713 1938 25.
732 1906 786 1938 21.

316 1967 395 2010 490.
417 1964 594 2006 Disponit
618 1975 645 1994 1.
670 1974 721 1995 12.
741 1961 794 1994 58.
809 1962 862 2005 59.
883 1974 936 2006 70.

274 2023 330 2069 75.
357 2022 409 2065 76.
433 2032 485 2064 77.
506 2019 562 2051 82.
613 2019 804 2061 Componit
818 2029 868 2050 10.
884 2028 935 2050 11.

273 2079 416 2122 14-27.
441 2077 582 2109 45-50.
611 2075 750 2118 522-57.
779 2075 821 2108 60
842 2093 863 2099 -
882 2076 936 2118 (39.

271 2148 312 2182 71
328 2135 414 2180 -74.
437 2133 493 2166 85.
537 2132 598 2165 Nil
621 2133 776 2164 interest.

318 2193 396 2237 491.
434 2189 547 2223 Nuda
571 2188 714 2221 humero
748 2199 779 2220 1.
810 2199 860 2220 10.
885 2198 936 2221 11.

274 2260 328 2282 12.
355 2248 408 2280 14.
428 2257 481 2279 2ο.
499 2257 554 2279 21.
573 2257 627 2279 22.
655 2248 708 2277 24.
731 2245 784 2278 54.
805 2245 858 2280 55.
882 2255 935 2290 70.

246 2343 249 2346 ,
272 2307 328 2351 75.
352 2305 406 2349 76.
434 2302 489 2336 82.
537 2303 650 2335 Nuda
674 2301 839 2334 humeros
876 2301 935 2334 15-

275 2373 328 2407 19.
349 2361 404 2393 25.
424 2361 479 2394 25.
501 2360 555 2393 26.
577 2370 631 2403 27.
652 2358 694 2390 45
709 2360 793 2392 -50.
813 2359 935 2403 56-69.

273 2430 312 2463 71
326 2420 411 2462 -7-1.
430 2429 483 2462 77.
506 2416 561 2449 85.
586 2424 619 2447 et
639 2415 722 2447 XIX
743 2416 845 2449 codd.
868 2415 937 2448 Pa-

274 2477 334 2507 ris.
357 2473 451 2507 unde
470 2475 601 2517 recepit
621 2472 706 2505 Ach.
755 2472 936 2505 conficere

273 2533 385 2576 possis
406 2531 502 2563 nudo
514 2529 656 2562 humero
675 2530 720 2561 ob
739 2541 810 2572 seq.
829 2529 937 2561 nudis

275 2587 445 2621 mamillis
475 2594 533 2619 aut
558 2587 658 2618 nuda
683 2586 871 2619 humerum.
891 2600 937 2610 -ὸ

276 2643 419 2677 Phecas
442 2643 483 2676 18
501 2656 520 2675 a
541 2655 590 2675 m.
612 2655 663 2685 pr.
692 2655 741 2688 19.
772 2654 813 2677 21
846 2656 864 2676 a
887 2655 936 2684 m,

275 2712 331 2745 pr.
349 2701 404 2734 24.
425 2700 480 2734 26.
500 2701 557 2734 52.
574 2699 630 2734 46.
649 2699 706 2735 56.
725 2699 781 2734 85.

1041 1338 1119 1381 494.
1144 1347 1218 1368 non
1228 1348 1292 1379 pro
1302 1347 1480 1381 quaenam
1496 1347 1506 1367 1
1516 1336 1545 1367 (ἶ.
1556 1334 1657 1367 8²..—

993 1392 1052 1425 hic
1071 1400 1127 1425 est
1147 1394 1199 1426 23.

995 1451 1048 1483 24.
1096 1449 1186 1482 liaeo
1209 1450 1315 1493 culpa
1338 1451 1392 1483 45.

1249 1400 1304 1425 est
1327 1405 1395 1424 11011
1421 1401 1527 1424 exstat
1546 1394 1583 1424 111
1601 1403 1656 1424 21.

1041 1508 1118 1551 496.
1152 1506 1354 1551 plectitque
1390 1516 1513 1538 comas
1550 1505 1605 1549 (h.
1626 1518 1655 1538 e.

995 1565 1182 1607 complicat
1205 1571 1239 1594 et
1261 1565 1445 1594 concinnat
1475 1564 1509 1594 in
1538 1575 1654 1594 annu-

994 1621 1066 1664 los)
1087 1621 1240 1652 malebat
1255 1620 1388 1652 Rubeu.
1405 1619 1517 1651 Elect.
1537 1620 1580 1660 II,
1600 1630 1653 1662 27.

995 1687 1028 1710 et
1044 1676 1239 1722 flectitque
1272 1687 1395 1709 comas
1422 1676 1596 1708 Almelov.
1619 1684 1656 1708 ut

994 1747 1134 1768 comam
1164 1735 1201 1765 in
1220 1732 1363 1778 gradus
1386 1732 1569 1777 frangere
1598 1744 1654 1775 ap,

994 1792 1147 1834 Quintil.
1168 1801 1296 1835 cogere
1316 1789 1412 1821 nodo
1436 1801 1575 1821 comam
1600 1801 1653 1832 ap.

993 1848 1116 1881 Senec.
1129 1846 1303 1891 etflexilis
1322 1857 1425 1878 coma
1446 1846 1584 1888 ap.Val.
1599 1847 1654 1878 Fl.

1039 1905 1118 1948 497.
1144 1902 1300 1936 concilio
1322 1903 1377 1936 85.
1400 1915 1430 1935 v.
1453 1903 1495 1934 ad
1516 1905 1593 1947 ‘¹75‘
1610 1922 1656 1929 —

993 1967 1160 1994 materna
1180 1971 1243 2003 pro
1266 1966 1438 1992 matrona
1461 1961 1514 1994 14.
1536 1972 1587 2004 17.
1600 1972 1656 2004 70·

993 2019 1046 2061 75.
1061 2018 1115 2059 76.
1136 2025 1174 2048 ut
1191 2019 1233 2048 sit
1254 2019 1371 2048 nutrix
1393 2029 1411 2047 a
1433 2025 1543 2048 matre
1567 2017 1658 2049 data.

993 2079 1188 2117 amotaque
1200 2082 1296 2105 vetus
1317 2073 1395 2104 cod.
1409 2072 1556 2105 Cadurc.
1570 2081 1656 2104 teste

993 2129 1084 2162 Pith.
1113 2138 1147 2161 et
1165 2129 1221 2161 85.
1267 2135 1436 2161 materna
1460 2135 1656 2174 amotaque

993 2185 1091 2218 lanis
1109 2187 1253 2217 omnino
1281 2185 1478 2227 leguudum
1512 2187 1657 2229 putabat

993 2243 1037 2276 Η.
1058 2243 1175 2276 Vales.
1199 2243 1265 2274 hoc
1283 2255 1401 2274 sensu:
1428 2255 1514 2285 quae
1534 2245 1656 2275 matris

994 2299 1197 2343 lanipendia'
1224 2308 1258 2331 et
1290 2302 1442 2332 ornatrix
1472 2301 1559 2340 fuit,
1592 2299 1654 2332 sed

993 2369 1087 2389 nunc
1119 2365 1170 2388 est
1198 2358 1370 2398 emerita,
1406 2365 1585 2399 veterana,
1621 2364 1656 2389 et.

993 2419 1128 2446 cessat.

1038 2470 1116 2515 498.
1142 2475 1258 2503 cesset
1283 2470 1333 2501 14.

1042 2530 1120 2562 501.
1144 2527 1267 2572 Atque
1290 2524 1406 2558 16.85.
1424 2543 1465 2550 —
1488 2525 1653 2558 tantim.

998 2587 1048 2619 15.
1079 2586 1221 2617 22-25.
1248 2595 1300 2625 27.
1329 2584 1372 2615 45
1392 2583 1481 2615 -50.
1512 2583 1653 2626 54-69.

994 2642 1135 2687 71-74.
1171 2649 1204 2672 et
1230 2639 1314 2671 Xlu
1341 2638 1443 2672 codd.
1472 2639 1576 2671 Paris.
1605 2656 1650 2665 —-

991 2697 1170 2744 quarendi
1196 2703 1252 2732 est
1273 2708 1328 2734 ‚22-
1380 2696 1494 2729 Tanti
1517 2696 1650 2741 anqui-
