1759 3029
492 199 583 243 DE
621 199 759 242 SAT.
789 200 1074 245 LVCILII
1108 201 1424 243 HORATII

277 217 383 245 XCIV

276 334 378 374 que,
417 310 537 371 quam
570 331 724 357 summa
754 318 817 356 rei
848 315 1112 367 declaranda,
1153 323 1374 369 occupatus
1408 322 1479 356 est.
1537 316 1661 357 Iuve-

272 389 377 426 nalis
413 399 599 423 errorum
621 385 902 437 scelerumque
935 386 1129 437 imagines
1155 385 1449 423 ardentissimis
1473 385 1658 436 plerum-

274 469 354 508 que
401 453 755 506 pinguissimisque
797 453 1002 490 coloribus
1047 453 1285 500 adumbrat,
1320 459 1360 488 et
1392 452 1434 488 in
1467 450 1530 488 his
1568 453 1664 489 exi-

273 523 397 561 miam
435 527 561 558 artem
602 519 942 569 gravitatemque,
980 519 1023 555 in
1071 519 1412 571 descriptionibus
1460 519 1662 569 insignem

271 603 413 629 :rerum
433 587 727 638 cognitionem,
756 586 994 624 varietatem
1016 586 1247 637 ingeniique
1269 586 1417 632 aciem,
1452 586 1494 622 in
1521 599 1666 624 exem-

272 657 438 710 plorum
472 654 634 691 delectu
666 651 867 690 iudicium
900 652 1073 700 subtile,
1113 653 1156 689 in
1189 666 1330 689 eorum
1364 653 1481 702 copia
1515 652 1665 704 exqui-

274 724 395 762 sitam
424 722 669 767 doctrinam,
697 718 768 755 sed
803 719 846 755 in
883 719 1022 769 figuris
1055 717 1303 755 exornandis
1339 719 1504 755 nimiam
1534 720 1667 756 inter—

276 790 375 829 dum
410 802 549 826 curam
585 785 785 824 ostendit:
816 785 874 823 ita
903 786 953 822 ad
993 786 1136 823 vivum
1171 789 1328 821 resecat
1357 784 1512 833 omnia,
1545 787 1667 824 etiam

274 857 529 908 turpissima,
573 859 615 890 et
656 852 761 890 nihil
805 853 1119 903 praetermittit,
1155 851 1265 903 quod
1296 852 1362 889 vel
1395 852 1445 889 ad
1479 853 1665 891 vividum

275 925 438 972 odjum,
474 922 541 960 vel
564 921 614 959 ad
657 919 899 958 cachinnum
924 920 1270 957 commovendum
1310 919 1447 957 valere
1483 927 1613 972 queat.
1633 917 1666 937 ¹¹

358 990 524 1028 Horatii
544 1001 667 1039 genus
692 987 857 1025 dicendi
879 987 1046 1037 vulgare
1073 986 1237 1038 quidem
1262 991 1303 1022 et
1337 992 1482 1034 tenue,
1514 989 1667 1034 (Effusa

269 1059 476 1113 pedestris
502 1061 543 1092 et
589 1069 788 1092 Semnones
816 1068 893 1104 per
927 1054 1098 1090 lzzmzzzm
1132 1062 1316 1104 repentes
1356 1060 1553 1092 vocantur
1582 1055 1664 1093 Sat.

274 1127 339 1175 ΙΙ,
365 1125 403 1168 6,
445 1136 507 1173 17.
529 1129 571 1160 et
593 1122 723 1174 Epist.
749 1122 802 1170 II,
842 1134 874 1169 1,
900 1118 1013 1172 250.)
1043 1120 1115 1157 sed
1136 1128 1315 1168 tersum,
1341 1121 1547 1165 naturale,
1579 1122 1665 1159 ele-

274 1207 391 1245 gans,
428 1205 605 1242 purum,
661 1190 783 1227 rebus
832 1188 885 1225 ad
915 1189 1025 1225 vitae
1063 1188 1288 1225 communis
1322 1199 1439 1225 usum
1473 1194 1516 1226 et
1563 1202 1666 1226 con-

273 1259 532 1299 suetudinem
578 1257 878 1308 pertinentibus
920 1255 1192 1305 aptissimum,
1230 1254 1358 1293 fluens
1388 1257 1666 1307 aequabiliter,

272 1341 374 1381 prae
422 1340 465 1363 se
497 1325 633 1363 serens
675 1324 954 1361 felicissimam
1001 1322 1261 1369 facilitatem,
1305 1329 1347 1360 et
1385 1322 1667 1375 inexplicabili

274 1395 449 1448 quadam
501 1397 736 1440 venustate,
787 1391 916 1441 gratia
970 1396 1012 1427 et
1067 1390 1328 1440 simplicitate
1375 1391 1667 1441 conspicuum:

272 1463 406 1501 Persii
453 1459 624 1513 grande,
666 1458 795 1510 tropis
835 1458 1061 1505 refertum,
1110 1456 1395 1505 artificiosum,
1433 1456 1666 1511 vehemens,

273 1531 501 1576 minutum,
528 1527 699 1574 aridum,
729 1526 950 1574 concisum,
981 1525 1130 1562 durum
1154 1537 1459 1576 nonnumquam
1483 1530 1525 1561 et
1545 1538 1666 1576 saepe

273 1597 519 1634 obscurum:
555 1593 759 1631 Iuvenalis
796 1592 984 1641 doctum,
1017 1606 1132 1639 acre,
1164 1592 1396 1642 copiosum,
1424 1602 1500 1641 pro
1523 1604 1664 1629 rerum

273 1662 516 1701 diversitate
561 1661 719 1699 varium
735 1687 747 1704 ,
778 1666 818 1697 ot
848 1659 944 1697 hinc
984 1659 1106 1698 modo
1138 1658 1341 1706 sanetum,
1371 1657 1493 1695 modo
1529 1672 1665 1709 grave,

273 1730 397 1768 modo
448 1729 639 1776 sublime,
682 1727 804 1764 modo
836 1727 1066 1775 remissius,
1102 1731 1147 1763 at
1178 1738 1399 1777 numquam
1430 1724 1597 1764 humile.
1626 1721 1664 1742 ¹²

322 1850 357 1872 11
386 1839 549 1879 „Multae
578 1845 765 1870 occurrunt
803 1837 938 1868 deseri-

271 1897 409 1940 ptiones
434 1894 526 1937 apud
546 1895 749 1926 Iuvenalem
773 1895 938 1935 ingenio-

272 1965 329 1986 sae
358 1960 391 1984 et
413 1953 498 1984 varii
523 1953 684 1992 generis,
714 1952 744 1989 I,
778 1962 837 1993 117
863 1961 937 1992 seq.

270 2010 336 2048 ΙΙΙ,
366 2010 407 2053 69
434 2020 505 2050 seq.
542 2006 585 2040 86
613 2019 685 2049 seq.
725 2007 766 2047 V,
794 2007 837 2039 52
865 2019 936 2048 seq.

277 2078 340 2100 100
365 2077 438 2108 seq.
467 2065 529 2098 132
554 2076 626 2105 seq.
652 2067 715 2105 VI,
740 2075 792 2106 pr.
814 2063 873 2103 IX,
897 2075 936 2096 12

271 2135 344 2166 seq.
369 2124 414 2155 40
439 2134 510 2164 seq.
534 2121 631 2162 XJH,
657 2132 720 2164 τεο)
745 2132 817 2163 seq.
844 2120 935 2160 XIV,

271 2180 338 2213 288
362 2191 435 2222 seq.
457 2181 569 2211 multa
594 2179 636 2210 ad
654 2177 935 2219 indignationem

271 2236 484 2270 movendam
507 2244 717 2278 comparata,
743 2236 769 2275 I,
796 2235 837 2277 57
863 2246 934 2276 seq.

275 2295 338 2328 158
363 2305 435 2335 seq.
459 2294 504 2332 II,
536 2293 595 2324 126
612 2304 684 2334 seq.
712 2291 772 2332 111,
803 2290 844 2334 67
861 2303 931 2333 seq.

275 2351 339 2383 154
362 2362 433 2393 seq.
462 2349 526 2382 184
550 2361 622 2392 seq.
656 2349 700 2390 V,
728 2349 770 2381 16
794 2359 866 2390 seq.
892 2349 934 2393 59

270 2419 343 2450 seq.
382 2407 468 2449 quid
497 2408 633 2449 gravius
678 2406 772 2438 illis!
821 2406 854 2446 l,
889 2406 930 2449 47

270 2475 347 2506 seq.
380 2475 422 2508 99
458 2474 530 2504 seq.
556 2463 625 2504 111,
663 2465 725 2496 116
750 2473 822 2504 seq.
847 2462 933 2504 quid

269 2521 465 2552 contemtui
488 2519 786 2552 accommodatius
802 2520 842 2561 V,
870 2530 934 2563 170

267 2589 341 2620 seq.
358 2577 458 2618 Xffl,
486 2577 546 2608 150
568 2579 668 2618 seq-‘5
696 2575 834 2620 Koenig
859 2578 885 2609 1.
907 2578 936 2608 l..

267 2645 304 2678 p.
329 2647 397 2681 99.ι
487 2678 490 2681 .

319 2703 357 2724 ι).
382 2691 517 2732 Κοειιὶς,
538 2690 564 2723 l.
583 2691 607 2722 l.
635 2703 669 2734 p.
687 2688 740 2735 96.
766 2692 829 2733 „Iu
845 2693 932 2725 Per-

267 2750 331 2792 sio,
355 2750 480 2792 inquit,
506 2756 538 2779 et
560 2747 737 2791 Iuvenale,
764 2758 831 2790 quo
847 2748 932 2782 lon·-

997 1839 1073 1879 gius
1110 1849 1127 1867 a
1151 1837 1286 1877 vulgari
1321 1835 1574 1868 consuetudine
1602 1835 1662 1869 di-

997 1893 1099 1925 cendi
1125 1892 1304 1932 recedunt,
1330 1903 1370 1923 eo
1396 1893 1507 1934 magis
1532 1893 1663 1925 verbo-

995 1961 1075 1981 rum
1109 1950 1276 1990 exquisita
1309 1951 1397 1981 ratio
1434 1958 1466 1981 et
1501 1948 1662 1982 delectus

995 2008 1031 2037 in
1058 2007 1177 2037 oculos
1201 2007 1360 2040 incurrit.
1410 2006 1456 2037 Et
1487 2007 1551 2038 ille
1577 2008 1662 2049 qui-

995 2062 1078 2094 ‹lt-111
1102 2064 1173 2093 irae
1198 2071 1232 2094 et
1256 2063 1494 2106 indignationi
1525 2071 1662 2096 tantum.

993 2119 1126 2158 tribuit,
1150 2127 1188 2150 ut
1213 2131 1325 2162 saepe,
1361 2132 1471 2162 quum
1497 2121 1661 2162 gravissi-

993 2189 1050 2208 1na
1074 2187 1233 2218 quaeque
1255 2185 1496 2219 aucuparetur,
1522 2175 1565 2207 ad
1582 2185 1661 2208 tro-

992 2246 1055 2277 pos
1079 2234 1214 2265 delatus
1244 2236 1301 2274 sit,
1333 2242 1406 2264 tam
1433 2235 1538 2275 longe
1563 2234 1659 2276 peti-

993 2300 1055 2333 tos,
1072 2299 1109 2323 ut
1131 2292 1304 2322 rationem
1340 2301 1463 2321 eornm
1489 2292 1561 2333 ipse
1579 2291 1659 2322 aui-

991 2359 1052 2380 mo
1088 2350 1202 2388 magis
1227 2346 1368 2389 placido
1391 2348 1445 2378 vix
1468 2347 1660 2390 probasset,

991 2406 1147 2446 adeoque
1175 2405 1255 2436 huic
1283 2405 1333 2435 rei
1358 2403 1515 2445 indulsit,
1541 2412 1579 2436 ut
1602 2404 1659 2435 vel

990 2461 1134 2505 pudoris
1159 2462 1222 2502 sui,
1259 2471 1366 2502 quem
1400 2462 1483 2493 alias
1520 2471 1659 2492 summa

992 2530 1073 2550 cum
1100 2530 1180 2550 cura
1203 2526 1377 2560 praestare
1404 2517 1549 2557 studuit,
1575 2527 1658 2549 Ino·-

992 2575 1037 2607 do
1063 2575 1320 2607 vehementiam
1351 2575 1466 2606 sensui
1502 2584 1564 2605 sno
1601 2585 1658 2604 ar-

992 2631 1089 2664 denti
1113 2621 1382 2664 consentaneam
1405 2637 1659 2671 assequeretur,

988 2692 1164 2722 rationem
1187 2690 1349 2721 habuerit
1383 2688 1533 2720 nullam.
1575 2686 1654 2718 Nou

989 2755 1063 2781 tam
1103 2748 1277 2792 impotens
1311 2746 1363 2778 sui
1391 2745 1563 2779 luvenalis
1598 2751 1659 2784 cst,
