1759 3029
250 112 329 139 Lvl

768 98 875 153 DE*
907 95 1174 137 SATtRA

260 213 340 260 lio,
392 211 500 264 quod
540 211 590 248 ad
629 212 733 250 solos
771 213 838 251 vel
862 212 1123 266 philosophos
1159 211 1227 250 vel
1261 219 1398 264 poetas
1424 226 1643 266 eorumque

262 293 433 326 errores9
460 292 541 315 non
571 279 620 316 ad
652 281 760 317 vitae
791 280 1048 331 quotidianae
1078 293 1211 317 mores
1235 278 1463 332 horumque
1504 295 1645 320 emen-

262 346 464 389 datiunem
492 348 715 396 spectabam
747 361 879 398 neque
909 347 1063 396 dubito,
1089 348 1186 398 quin
1202 359 1337 383 rerum
1369 362 1528 399 quoque
1557 355 1644 386 tra-

261 414 478 450 ctationem
508 427 748 466 magnopere
790 414 1037 465 discrepasse
1075 413 1386 464 intelligeretur,
1425 415 1459 451 si
1495 415 1644 465 integri

257 534 562 575 necessitudinem,
573 535 823 576 intelligemus.
833 534 923 567 Nam

258 599 298 622 ut
320 593 479 623 omittam
497 603 589 623 nunc
609 591 812 635 Satyrorum
836 591 922 622 cho-

258 659 328 688 ros,
357 659 442 690 qnos
464 650 596 679 comica
614 647 831 679 Graecorum
855 648 921 680 Sa-

258 706 378 748 tyrice,
404 717 512 747 aeque
535 718 572 736 ac
593 706 831 737 Romanorum
855 706 922 737 Sa·-

259 762 335 801 tira,
359 770 417 794 aut
438 764 574 804 parcius
593 762 747 800 adscivit,
772 770 831 793 aut
855 774 922 805 pe-

260 819 353 850 nitus
380 820 543 860 sustulit3
589 821 634 860 (v,
666 830 742 861 sup.
768 826 840 849 not.
872 818 926 862 9.)

257 883 444 916 utramque
466 878 568 907 etiam
589 875 651 906 hac
671 876 706 905 in
736 886 773 905 re
796 874 926 917 depre-

260 930 447 963 hendimus
474 934 729 974 conspiravisse‚
748 930 843 973 quod
867 944 926 962 ar-

260 997 428 1029 gumenta
450 997 609 1031 peterent,
649 1001 665 1019 e
701 990 770 1019 vita
804 990 924 1029 quoti-

262 1044 378 1085 diana,
406 1045 499 1087 quod
521 1054 681 1077 notarent
705 1053 738 1076 et
758 1045 923 1087 designa-

261 1111 341 1134 rent
381 1103 642 1144 turpitudinem
686 1102 926 1142 domesticam,

260 1171 362 1202 saepe
416 1171 563 1191 numero
612 1161 717 1191 etiam
762 1160 927 1201 turpiter,

265 1215 361 1257 quod
380 1218 541 1257 aequales
573 1218 605 1248 vi
631 1215 774 1248 ridiculi
798 1217 927 1247 vulne—

260 1282 390 1305 rarent.
448 1274 610 1315 Quorum
647 1273 736 1305 nihil
768 1272 859 1304 cadit
892 1274 927 1304 in

258 1331 430 1371 trag‘oeam
452 1330 643 1373 Satyricen.
677 1332 812 1363 Verum
833 1332 927 1362 enim

260 1397 344 1418 vero
375 1395 517 1430 propter
544 1386 632 1418 hanc
655 1387 926 1418 similitudinem

263 1443 431 1484 equidem
461 1456 532 1476 nou
560 1446 670 1476 ausim
697 1452 809 1486 partes
840 1445 927 1475 illo-

261 1510 344 1532 rum
375 1503 483 1542 sequi,
519 1502 578 1542 qui
609 1512 769 1542 graecam
793 1499 928 1544 Satyri·—

262 1567 338 1588 cam
354 1560 623 1599 procreatricem
642 1557 833 1600 quamdam
844 1559 927 1589 lati-

262 1625 388 1644 narum
406 1614 600 1646 Satirarum
623 1623 654 1645 et
678 1617 771 1656 quasi
797 1626 927 1656 paren—

262 1677 335 1700 tem
367 1669 617 1702 iudicaverunt.
672 1670 761 1701 Nam
793 1679 826 1702 et
846 1682 927 1709 gra—

264 1728 397 1758 vissimi
411 1736 579 1766 auctores,
592 1728 754 1758 Horatius
767 1735 798 1757 et
810 1727 928 1768 Quin-

262 1784 417 1821 tilianus,
454 1785 646 1815 inventioni
676 1795 729 1815 eas
749 1784 930 1815 Romano-

262 1850 344 1872 rum
383 1840 576 1881 vindicant,
604 1849 637 1872 et
670 1854 687 1872 a
716 1843 787 1872 veri
816 1843 929 1884 specie

263 1898 472 1938 neutiquam
492 1897 664 1936 abhorret,
693 1909 746 1928 cas
776 1909 793 1928 e
826 1908 928 1927 com-

263 1955 384 1997 positis
404 1962 534 1986 temere
561 1965 598 1984 ac
619 1952 765 1985 rudibus
794 1955 876 1985 iocis
896 1962 928 1985 et

266 2009 419 2042 dicteriis
440 2011 543 2042 fuisse
574 2018 702 2051 enatas,
738 2009 825 2052 quae
852 2012 929 2052 pri-

264 2068 330 2098 scis
352 2067 570 2110 temporibus
597 2070 754 2100 iuventus
774 2067 930 2099 Romana

265 2134 328 2167 per
354 2126 466 2155 otium
503 2133 537 2156 et·
568 2126 746 2156 lasciviam
786 2125 929 2156 alternis

266 2180 395 2212 soleret
423 2183 457 2212 iu
481 2193 582 2213 scena
605 2180 795 2213 effundere.
823 2181 930 2212 Prae-

267 2243 361 2267 terea
398 2248 467 2269 non
503 2237 611 2270 modo
648 2240 683 2269 in
724 2247 930 2280 argumento

269 2294 411 2335 eiusque
433 2294 602 2326 tractandi
626 2296 782 2334 consilio,
810 2307 931 2327 verum

268 2350 375 2380 etiam
402 2352 436 2381 in
467 2353 539 2393 ipsa
570 2354 774 2385 tractatione
805 2364 933 2395 magna

268 2408 442 2448 reperitur
465 2407 729 2442 dissimilitudO.
770 2409 934 2442 Primum

269 2465 366 2495 enim
411 2466 437 2496 si
472 2473 722 2509 argumentum
747 2475 932 2510 spectetur,

270 2520 365 2561 quod
392 2522 498 2553 situm
525 2531 573 2552 est
598 2523 631 2553 in
663 2524 764 2555 variis
791 2523 933 2555 ridiculi

270 2577 467 2620 generibus,
492 2590 573 2609 cum
614 2579 742 2611 fabulis
767 2582 933 2612 comico-

269 2635 422 2680 satyricis
433 2633 649 2669 Graecorum
671 2638 834 2681 componi
846 2638 932 2670 nul—

979 535 1015 565 lo
1054 543 1156 577 pacto
1190 542 1303 577 potest
1352 535 1538 567 Horatiana
1580 534 1647 567 Sa-

979 593 1054 631 tira,
1086 600 1199 633 potest
1239 591 1393 633 quodam
1429 591 1536 622 modo
1569 592 1645 623 Lu-

980 649 1116 688 ciliana,
1147 659 1233 689 quae
1275 650 1469 690 imaginem
1508 649 1645 688 refere-

979 705 1040 736 bat
1066 706 1226 747 antiquae
1257 704 1484 737 comicorum
1514 704 1647 737 dicaci-

979 763 1070 792 tatis.
1098 762 1236 803 Quippe
1252 773 1357 803 quam
1375 762 1508 793 Horatii
1534 773 1646 793 venu-

982 825 1032 848 sta
1052 818 1228 849 urbanitas
1256 818 1375 858 coluit,
1402 817 1509 851 Persii
1531 820 1648 860 gravi—

982 881 1032 904 tas
1064 876 1156 906 acuit
1193 883 1227 905 et
1264 875 1436 906 Iuvenalis
1471 877 1650 913 austeritas

981 938 1164 972 tamquam
1188 942 1322 962 veneno
1349 933 1502 971 armavit,
1526 931 1651 972 Satira,

982 985 1077 1026 quod
1097 999 1115 1017 a
1134 997 1276 1018 morum
1298 988 1495 1028 integritate
1517 990 1648 1020 severi-

980 1051 1119 1084 tateque
1136 1044 1303 1086 profecta,
1324 1042 1454 1075 iudicio
1477 1043 1522 1076 de
1541 1046 1648 1078 rebus

984 1099 1146 1131 humanis
1167 1100 1305 1131 liberali
1323 1102 1518 1142 mentisque
1539 1113 1651 1143 gene-
1696 1136 1698 1145 Ι

984 1168 1082 1189 rosae
1098 1157 1240 1188 honesta
1255 1156 1494 1198 indignatione
1514 1159 1650 1189 nitere-

984 1221 1052 1254 tur,
1087 1215 1141 1256 (v,
1166 1213 1299 1246 Dusch.
1325 1214 1438 1245 Briefe
1468 1226 1529 1246 zur
1557 1212 1650 1246 Bild.

986 1269 1019 1301 d.
1034 1269 1270 1302 Geschmaeks
1305 1270 1342 1302 P.
1363 1269 1421 1303 VI.
1457 1282 1491 1313 p.
1519 1282 1530 1301 t
1548 1272 1650 1314 -77.)

983 1329 1169 1359 materiem
1189 1339 1334 1359 omnem
1355 1327 1497 1359 ridiculi
1512 1330 1652 1371 repetiit

985 1384 1027 1415 ab
1059 1385 1130 1415 istis
1162 1385 1377 1426 gravioribus
1406 1386 1516 1426 vitiis,
1564 1397 1652 1428 quae

986 1450 1098 1472 esseut
1118 1443 1153 1473 in
1175 1444 1242 1473 vita
1264 1441 1452 1473 hominum
1474 1449 1506 1472 ct
1535 1445 1650 1475 mori-

985 1498 1051 1529 bus
1097 1509 1252 1540 quaeque
1520 1499 1650 1532 salibus

1308 1499 1462 1541 satyricis

984 1556 1169 1598 perfricata
1197 1556 1348 1586 coerceri
1371 1563 1514 1597 possent
1543 1564 1576 1586 et
1593 1568 1651 1587 sa·-

985 1613 1068 1643 lutis
1104 1612 1267 1655 publicae
1314 1624 1414 1643 causa
1458 1612 1650 1647 emendari.

987 1666 1205 1700 Graecorum
1225 1676 1344 1699 contra
1364 1667 1531 1714 Satyrice‚
1553 1670 1653 1703 dica—

987 1726 1098 1756 citatis
1132 1724 1237 1757 laude
1267 1733 1448 1766 contenta,
1476 1738 1545 1759 non
1580 1736 1653 1762 tam

988 1784 1097 1813 risum
1117 1790 1243 1814 sectata
1259 1791 1309 1814 est
1328 1785 1524 1826 satyricum,
1546 1796 1653 1826 quam

989 1840 1167 1872 comicum
1189 1838 1354 1878 derisum,
1386 1839 1446 1878 (cf.
1471 1852 1548 1883 sup.
1578 1850 1652 1874 not.

988 1896 1059 1938 29.)
1088 1902 1120 1925 et
1143 1894 1330 1927 cavillandi
1363 1897 1473 1937 magis
1503 1898 1653 1930 libidine

988 1954 1142 1992 excitata„
1174 1963 1279 1993 quam
1311 1953 1508 1994 corrigendi
1535 1955 1650 1988 studio

987 2008 1150 2049 impulsa,
1183 2009 1291 2040 modo
1325 2010 1481 2042 fortunas
1514 2014 1654 2054 civium,

990 2064 1098 2096 modo
1139 2067 1293 2107 corporis
1329 2066 1593 2101 deformitatem
1622 2078 1656 2102 et.

988 2123 1052 2153 alia
1073 2123 1200 2153 leviora
1231 2124 1331 2163 vitia,
1368 2136 1454 2165 quae
1485 2124 1653 2158 Comico-

987 2191 1066 2211 rum
1091 2181 1204 2211 solent
1230 2179 1393 2212 ludibriis
1411 2184 1542 2224 agitari,
1565 2188 1670 2215 con—-'

988 2237 1217 2269 tumeliarum
1238 2239 1367 2269 aculeis
1401 2240 1580 2279 lacessivit,
1606 2235 1653 2271 ita

989 2300 1027 2324 ut
1046 2305 1089 2324 ne
1107 2294 1360 2335 ingenuitatem
1386 2294 1530 2337 quidem
1548 2308 1653 2339 prae-

991 2357 1094 2380 staret
1131 2358 1162 2381 et
1194 2351 1362 2383 ruborem
1390 2364 1493 2384 suum
1526 2353 1654 2385 verbo-

988 2418 1068 2438 rum
1084 2407 1299 2449 turpitudine
1321 2414 1354 2440 et
1368 2420 1487 2441 rerum
1505 2410 1653 2442 obscoe-

990 2465 1096 2495 nitate
1134 2464 1282 2497 vitanda.
1353 2465 1485 2508 Quam-1
1508 2467 1652 2508 quidem

990 2521 1131 2553 ridiculi
1163 2524 1325 2566 speciem,
1351 2524 1386 2554 in
1407 2526 1560 2555 oratioue
1579 2524 1652 2555 Co·-

990 2580 1165 2610 micorum
1185 2581 1278 2612 velut:
1294 2581 1552 2623 exuberantem,
1569 2581 1653 2613 lon-

990 2648 1032 2680 ge
1062 2639 1231 2682 superarit
1261 2637 1498 2671 Romanorum
1531 2646 1655 2682 poetas
