1759 3029
623 156 1014 199 IVVENALIS
1400 173 1517 201 cxm

114 289 242 329 -grum
274 275 520 327 reliquisset.
586 273 636 313 In
682 272 922 326 quibusdam
964 273 1060 312 libri
1107 274 1208 313 locis
1250 277 1517 329 reperiuntur

125 346 297 384 maiores
339 343 485 381 literae
532 349 573 380 et
616 341 771 393 figurae
818 342 970 380 calamo
1010 341 1256 391 delineatae,
1288 344 1360 382 sed
1391 344 1515 382 rudes

123 426 168 450 ac
203 411 409 449 deformes
444 417 487 449 et
508 410 627 462 plane
659 410 846 458 saeculo,
877 422 956 461 quo
983 409 1053 446 ille
1079 410 1254 460 scriptus
1278 412 1384 460 suit,
1412 426 1515 451 con-

121 480 343 517 venientes.
399 479 464 518 Eo
490 485 624 517 autern
649 477 791 516 codice
815 477 1038 529 plurimum
1072 477 1134 514 usi
1156 477 1333 522 suimus,
1362 481 1514 531 quippe

119 547 187 598 qui
222 559 275 584 ex
311 548 452 587 eodem
487 554 606 598 atque
643 552 762 584 vetus
791 544 916 583 schol.
958 544 1121 582 Pithoei
1164 546 1389 597 exemplari
1434 548 1513 585 du-

113 619 231 662 ctus,
260 622 520 666 pervetustus
552 616 672 662 item,
716 613 832 652 nobis
865 613 909 651 in
941 611 1016 651 hac
1051 613 1233 652 editione
1262 616 1511 655 recensenda

114 683 286 720 maximi
323 698 412 722 esse
445 683 643 721 momenti
673 682 785 720 visus
822 687 898 722 est.

227 762 265 788 2.
322 754 596 790 Mazarmeas
629 751 660 788 I.
697 748 777 800 (no.
812 749 954 797 3110.)

82 816 214 854 .-Cod.
262 819 513 857 membr.'i11
556 817 627 857 sol.
671 818 717 856 X
763 816 925 855 saecuto
963 823 1176 868 exaratus,
1223 825 1411 857 constans
1455 821 1509 859 84

110 885 238 923 soliis.
312 885 507 924 Continet
549 899 649 937 opus
693 884 743 922 de
792 884 1008 934 Regimine
1056 885 1314 937 Principum,
1354 888 1507 938 primas

112 953 294 1006 quinque
328 954 461 991 Persii
493 955 655 1001 satiras,
684 952 939 990 Priscianum
974 951 1023 988 de
1057 953 1335 992 Grammatica
1367 962 1408 992 et
1428 956 1507 994 alia

47 1058 54 1059 ff
109 1021 307 1072 opuscula
349 1022 534 1072 poetica;
589 1020 767 1072 denique
815 1017 917 1055 XIV
959 1021 1100 1058 satiras
1154 1021 1358 1059 Iuvenalis
1410 1036 1505 1062 cum

105 1088 214 1126 notis
253 1089 362 1126 inter
393 1088 520 1126 lineas
554 1088 729 1139 scriptis.
788 1086 1008 1138 Eleganter
1040 1087 1203 1139 quidem
1237 1090 1413 1140 scriptus
1440 1097 1505 1129 est

105 1155 178 1193 ille
219 1154 375 1203 codex3
416 1156 488 1194 sed
532 1157 684 1208 ubique
720 1154 878 1192 mendis
919 1161 1072 1203 scatet,
1109 1169 1185 1193 nec
1235 1157 1360 1196 ullam
1412 1159 1504 1199 sere

106 1222 407 1279 memorandam
436 1224 656 1262 lectionem
690 1223 868 1274 praebet.

221 1291 257 1328 5.
319 1291 576 1329 Colbertinus
607 1291 638 1328 I.
675 1292 761 1328 sno.
798 1287 934 1341 7906.)

108 1357 208 1396 Cod.
262 1359 431 1400 membr,
477 1359 521 1395 in
562 1357 631 1396 sol.
682 1358 726 1396 X
771 1371 872 1395 sace.
918 1364 1132 1408 exaratus,
1190 1367 1231 1398 et
1274 1362 1440 1414 quidem
1479 1378 1503 1402 a

105 1439 228 1464 manu
270 1425 443 1464 diversa.
497 1425 686 1477 Optimae
733 1431 872 1462 tamen
912 1432 974 1463 est
1015 1432 1153 1477 uotae,
1204 1427 1283 1469 etsi
1317 1431 1498 1469 mutilus.

104 1493 154 1531 In
201 1507 250 1531 eo
290 1493 482 1544 leguntur
524 1493 731 1531 Iuvenalis
778 1493 902 1530 satira
942 1494 1004 1531 IV
1038 1507 1060 1531 a
1091 1508 1128 1531 v.
1169 1508 1228 1533 10.
1268 1497 1416 1536 satirae
1444 1500 1498 1537 V.

102 1559 173 1600 VI.
204 1561 298 1598 VII.
336 1568 376 1599 et
411 1567 577 1599 octavae
609 1567 769 1599 tantum
804 1561 856 1598 24
891 1562 1016 1612 primi
1055 1575 1210 1600 versus.
1267 1564 1317 1602 In
1354 1565 1499 1605 eodem

101 1628 310 1666 volumine
352 1634 516 1665 exstant
569 1628 726 1676 integer
765 1628 1005 1675 Terentius,
1056 1629 1128 1666 sed
1176 1630 1284 1667 XIII
1334 1633 1501 1680 saeculi,

103 1694 308 1733 Aeneidos
341 1694 409 1731 lib.
448 1694 521 1731 IV.
558 1699 599 1730 et
631 1694 682 1731 V.
717 1707 817 1732 saec.
843 1694 920 1732 IX.
979 1696 1143 1733 Daretis
1175 1695 1345 1747 Phrygii
1368 1699 1497 1739 eiusd.

102 1776 205 1801 saec.
240 1760 430 1809 historia,
462 1761 654 1813 Gregorii
685 1761 938 1800 Turonensis
977 1761 1104 1800 Gesta
1138 1762 1219 1801 Dei
1258 1778 1333 1815 per
1363 1766 1496 1805 Fran-

101 1842 170 1866 cos
229 1828 356 1865 eiusd.
409 1841 511 1866 saec.
573 1835 613 1864 et
666 1842 831 1866 carmen
888 1829 1144 1879 religiosum,
1214 1831 1280 1868 cuj
1331 1833 1497 1874 titulus:

100 1897 349 1947 Disputatio
379 1895 527 1933 mnndi
549 1903 588 1932 et
615 1896 836 1947 religionis
863 1895 980 1935 XIV.
1012 1909 1113 1934 saec.

214 1964 251 2000 4.
312 1963 535 2000 lezccmezcs
573 1960 600 1999 Ι.
639 1962 699 2010 (n.
733 1963 879 2011 8071.)

100 2030 200 2069 cod.
232 2032 400 2085 membr.
440 2031 483 2068 in
508 2030 580 2068 sol.
621 2031 666 2067 X
699 2043 799 2068 saeC.
845 2037 1058 2080 exaratus,
1116 2040 1300 2072 constans
1342 2035 1390 2074 61
1426 2036 1494 2076 fo-

96 2099 176 2136 liis.
236 2098 446 2149 Scriptura
476 2100 562 2137 eius
596 2097 815 2150 perspicua
852 2099 947 2135 satis
979 2104 1059 2147 est,
1089 2113 1164 2137 nec
1198 2101 1426 2153 ineleganS,
1453 2111 1495 2143 et

97 2166 309 2205 literarum
332 2166 467 2204 forma
493 2165 651 2203 duobus
676 2163 1016 2216 praecedentibus
1052 2167 1172 2218 plane
1196 2168 1350 2207 similis.
1412 2171 1495 2210 Ce-

95 2239 230 2271 terum
273 2247 359 2271 non
403 2232 503 2270 adeo
551 2219 681 2270 hoziae
723 2237 846 2270 notae
880 2232 1012 2272 codex
1049 2233 1124 2270 iste
1158 2241 1241 2280 θεῖς
1270 2238 1420 2290 quippe
1449 2241 1494 2279 in

97 2314 146 2339 eo
176 2291 303 2339 multa
332 2300 598 2351 reperiuntur
631 2299 800 2337 menda:
838 2306 1051 2351 praeterea
1092 2292 1376 2342 desiderantur
1409 2313 1492 2346 tres

97 2368 244 2406 satirae
289 2367 493 2406 Iuvenalis
533 2367 715 2418 priores,
749 2366 850 2405 aliae
895 2368 952 2404 ita
994 2367 1257 2407 ordinantur:
1304 2372 1341 2409 4.
1366 2374 1400 2411 5.
1431 2377 1492 2414 13.

101 2435 164 2474 14.
205 2435 265 2473 15.
303 2435 364 2473 16.
406 2447 465 2473 10.
507 2447 566 2473 ιι.
609 2447 668 2473 12.
704 2436 739 2473 8.
778 2449 814 2486 9.
846 2434 986 2485 (cuius
1025 2449 1117 2486 pars
1159 2436 1290 2474 media
1324 2438 1441 2480 deest
1470 2459 1492 2482 a

95 2512 137 2541 v.
173 2498 256 2552 38.)
288 2513 323 2550 7.
356 2501 391 2540 6.
434 2502 526 2540 'His
557 2501 658 2539 adde
693 2503 892 2540 Martialis
923 2502 1050 2541 libros
1084 2509 1167 2540 tres
1203 2509 1383 2558 tantum,
1415 2511 1492 2549 ah·-

100 2575 200 2621 quot
239 2568 389 2607 Catulli
432 2571 740 2620 epigrammata,
784 2570 1052 2620 Pet-vigilium
1106 2570 1285 2611 Veneris
1341 2582 1381 2613 et
1416 2578 1491 2617 alia

97 2635 292 2688 quaedam
339 2637 533 2687 opuscula
575 2638 738 2690 poetica
778 2639 937 2678 minimi
969 2638 1110 2688 pretii.
1186 2638 1328 2681 Primo
1376 2644 1490 2689 folio,

147 2711 316 2745 Ivvznn..
333 2711 422 2746 vox..
433 2711 462 2746 Ι.
942 2715 972 2754 h
