1759 3029
377 170 622 212 RERVM
667 168 755 208 ET

83 284 162 319 465.
197 285 343 328 longam
378 286 522 317 salivam
568 283 619 326 (s.
645 284 753 326 longa

81 344 204 386 saliva)
239 343 415 375 manantia
440 340 471 380 6,
492 340 570 373 623.
616 340 752 384 pallida

83 400 206 433 eibum
231 401 406 442 accipiunt
422 397 544 439 'digitis
561 399 685 431 alienis
699 409 750 439 ιο,

82 467 160 500 229.
189 468 261 488 nou
284 463 423 496 moves,·
438 455 580 497 Iupiter,
606 457 656 497 15,
674 455 748 488 114.

126 513 287 545 Labulla
310 511 458 544 moecha
483 523 515 551 2,
530 511 585 545 68.

124 568 348 614 Labyrinthi
363 571 541 612 mugitum
571 581 599 609 1,
624 568 680 602 55.

124 627 256 659 Laetis
281 628 361 670 plus
405 627 511 658 habet
558 626 749 668 haedulus,

81 696 189 726 quam
223 686 402 725 sanguinis
428 694 465 715 11
481 709 490 725 ,
515 683 569 716 68.
619 687 751 716 vortice

79 752 212 775 torrens
231 739 415 782 tamquam
449 743 587 772 fluxerit
623 741 673 782 15,
697 753 751 784 70.

77 799 167 830 lacte
203 799 269 829 illo
302 797 435 829 fovetur
455 822 463 836 ‚
489 807 630 840 propter
655 798 751 840 quod

80 857 226 886 comites
258 854 376 886 educit
409 856 534 886 asellas
567 854 610 896 6,
634 854 712 887 468.

125 911 458 957 Lacedaemonium
479 913 663 956 pytismate
688 912 750 945 lu-

78 967 191 1000 bricat
215 968 339 999 orbem
366 978 415 1007 11,
441 969 516 1010 175.

123 1025 315 1057 Lacernae
338 1027 460 1057 russati
486 1037 516 1069 7,
532 1025 607 1058 114.

124 1093 295 1124 Lucerna
320 1103 435 1126 aurata
461 1095 587 1136 quibus
611 1095 748 1137 fulgere

79 1161 158 1182 mos
183 1158 233 1182 est
256 1160 308 1190 10,
327 1161 403 1182 212.
458 1150 574 1183 foeda·
590 1160 622 1182 et
646 1153 749 1183 scissa

77 1207 112 1247 ὅ,
135 1206 208 1238 148.
243 1208 398 1239 lacernas
419 1209 491 1240 iam
514 1215 665 1251 ponente
692 1207 749 1238 sa-

82 1264 199 1297 cundo
234 1263 397 1296 Caedicio
422 1264 489 1305 ‘16,
511 1264 568 1298 45.

80 1330 264 1354 revocante
284 1321 432 1354 humero
461 1333 488 1362 1,
508 1333 562 1364 27.
598 1323 748 1365 pingues

626 1265 748 1308 Tyrias

80 1377 273 1421 aliquando
301 1380 501 1421 accipimus,
525 1380 748 1410 munimenta

81 1444 194 1478 togae,
231 1435 310 1467 duri
343 1437 516 1478 crassique
551 1437 689 1474 coloris,
716 1443 750 1467 et

82 1494 177 1525 male
220 1505 396 1536 percussas
437 1495 579 1525 textoris
610 1493 748 1535 pectine

83 1548 182 1582 Galli
207 1564 239 1593 13,
254 1549 296 1581 28
321 1561 373 1590 sq.
396 1550 545 1581 lacernis
565 1551 648 1582 licet
664 1561 748 1592 par-

85 1615 140 1638 eat
167 1606 218 1645 14,
234 1606 310 1649 287.

128 1664 364 1695 Lacernatae
384 1664 515 1695 amicae
542 1672 570 1702 1,
589 1660 645 1694 62.

127 1732 291 1763 Lacerat
318 1730 402 1762 haec
429 1731 524 1772 potio
564 1729 680 1760 Patres
715 1727 748 1769 6,

40 1822 42 1824 ,
83 1787 162 1822 625.
189 1788 313 1819 orbem
341 1788 480 1819 Flavius
504 1786 603 1828 4‚57.
628 1797 749 1817 mem-

82 1844 146 1877 bra
173 1846 265 1876 same
296 1843 346 1884 15,
381 1854 456 1876 102·

82 1903 181 1946 pillis
202 1901 233 1942 6,
250 1904 327 1945 '³90'

128 1961 312 1991 Lacertae
335 1957 438 1988 unius
464 1968 536 1987 sese
562 1955 751 1988 domiuum

501 1844 661 1875 laceratis
688 1855 749 1874 ca-

85 2018 208 2051 secisse
222 2017 254 2054 ὅ,
267 2016 344 2048 251.
368 2014 496 2044 lacerta
513 2015 651 2045 inventa
664 2014 752 2056 pul-

86 2076 141 2108 los
164 2074 275 2106 nutrit
301 2071 436 2102 ciconia
459 2069 509 2109 14,
524 2072 581 2114 75.

111 2133 313 2174 *Lacertae
335 2141 461 2173 russati
486 2140 605 2172 solum
629 2153 664 2185 7,
678 2140 753 2174 114.

103 2204 107 2208 ’
132 2208 283 2242 Lacerti
325 2220 409 2241 cum
448 2215 545 2251 parte
582 2207 755 2240 conchem

89 2267 254 2300 aestivam
277 2277 305 2297 ⁵.
328 2265 444 2298 aestivi
472 2265 525 2305 14,
551 2266 626 2298 151.
651 2267 755 2299 unius

90 2333 164 2354 sene
190 2321 376 2354 dominum
387 2321 510 2354 secisse
520 2316 552 2362 5,
565 2322 642 2354 251.
659 2321 700 2354 V,
710 2321 754 2354 L.

138 2391 297 2422 Lacerta
317 2398 409 2421 secto
432 2391 592 2431 requiem
617 2401 755 2432 sperare

93 2447 125 2489 6,
142 2445 215 2478 106.
240 2446 376 2478 lacertis
402 2445 617 2479 admirandis
643 2448 755 2479 confi·-

93 2509 150 2537 sus
179 2504 283 2546 periit
316 2513 365 2541 10,
385 2513 437 2534 11.

93 2561 246 2593 humum
273 2557 322 2598 15,
333 2558 389 2591 65.

111 2636 113 2638 -
139 2616 311 2648 Lacessit
335 2623 433 2646 scuto
458 2615 490 2656 6,
501 2615 580 2648 248.

140 2673 318 2705 Lachesis
342 2683 422 2704 mea
451 2681 484 2703 et
516 2671 644 2703 Clotho
670 2683 760 2714 gau-

483 2505 659 2536 inclinatis
694 2515 756 2547 per

96 2730 192 2770 dent,
228 2732 258 2764 si
291 2731 446 2773 pasoitur
474 2730 618 2773 inguine
642 2737 762 2762 venter

800 168 1198 210 VERBORVM
1394 163 1478 212 455

811 293 845 326 9,
875 281 947 315 156.
988 282 1133 315 Lachesi
1155 288 1331 325 superest,
1379 280 1476 324 quod.

808 349 970 382 torqueat
993 339 1023 379 5,

1041 352 1095 383 27.

853 397 1060 430 Lacr-urnae
1084 396 1165 429 inde
1190 405 1223 428 et
1247 396 1318 427 irae
1346 406 1375 436 1,
1399 395 1480 430 1680'

805 456 979 487 siccentur
1007 454 1059 495 16,
1083 465 1137 497 27.
1163 453 1261 484 illius
1286 453 1475 486 meditata-

805 523 872 554 que
906 508 1090 544 murmura
1134 518 1316 553 praestant,
1355 518 1392 541 ut
1412 518 1480 543 cet.

807 568 839 608 6,
860 567 936 611 539.

809 626 935 665 amici,
961 627 1030 665 flet,
1055 637 1119 657 nec
1145 624 1242 656 dolet
1266 623 1297 663 5,
1325 634 1399 656 101.
1423 625 1478 656 ri·-

809 681 915 714 debat
955 691 988 714 et
1014 694 1112 714 curas
1145 690 1178 713 et
1217 679 1345 722 gaudia
1377 681 1478 723 vulgi

813 751 862 781 10,
873 739 928 772 52.
952 738 1106 772 Iliadum
1131 749 1181 777 10,
1196 736 1274 770 261.
1299 748 1392 781 qaae
1411 738 1476 770 de-

810 796 866 829 dit
884 803 1033 837 natura,
1050 794 1261 828 mollissima
1278 794 1392 826 corda
1405 793 1477 826 hu·-

808 865 917 887 mano
949 853 1080 900 generi
1106 863 1146 884 se
1185 851 1273 883 dare
1305 849 1478 895 fatetur:

807 910 897 943 haec
917 911 1037 943 nostri
1052 920 1147 954 pars
1179 907 1317 952 optima
1347 918 1478 940 sensus

809 977 874 1000 cet.
900 968 954 1008 15,
975 968 1036 1000 152
1060 979 1111 1009 sq.
1136 978 1197 1010 per
1218 966 1394 997 lacrumas
1416 965 1475 997 es·-

808 1023 956 1056 fundere
982 1024 1095 1056 bilem
1126 1031 1163 1054 ut
1183 1023 1318 1063 cogarIS
1343 1022 1374 1062 5,
1400 1020 1475 1065 159.

807 1081 979 1113 lacrumis
1016 1081 1109 1112 veris
1150 1079 1287 1110 amissa
1313 1077 1478 1122 pecunia

798 1137 974 1181 ploratur
998 1137 1048 1178 15,
1072 1136 1148 1170 154.
1187 1134 1354 1167 uberibus
1378 1146 1476 1167 sem-

1000 570 1174 601 lacrumas
1228 568 1255 597 si
1299 568 1480 609 conspexit

807 1206 868 1237 per
893 1196 1020 1236 plorat,
1046 1203 1255 1236 semperque
1282 1192 1409 1234 paratis
1438 1183 1481 1223 in*

806 1253 950 1282 statione
976 1263 1036 1282 sua
1070 1259 1170 1291 atque
1198 1248 1476 1291 exspectantibus

806 1309 930 1347 illam,
965 1318 1034 1349 quo
1058 1306 1177 1339 iubeat
1200 1315 1343 1336 manare
1365 1303 1476 1337 modo

806 1363 838 1406 6,
862 1366 926 1409 275
947 1376 998 1406 sq.

851 1423 1028 1455 Lacunar
1051 1428 1205 1463 spectare
1234 1428 1262 1458 1,
1286 1416 1343 1451 56.

852 1480 977 1512 Lacus
1003 1479 1178 1517 suberant,
1204 1475 1266 1507 ubi
1290 1474 1383 1507 Alba
1409 1486 1474 1507 co-

806 1538 849 1569 lit
877 1537 1015 1570 Vestam
1037 1533 1136 1575 1560.
1173 1532 1217 1564 ad
1241 1542 1384 1573 spurcos
1406 1531 1474 1567 de..

807 1602 906 1637 cepta
929 1604 1029 1635 saepe
1053 1600 1131 1623 vota
1156 1588 1189 1629 6,
1209 1587 1288 1621 603.

853 1651 997 1690 Ladas,
1024 1659 1142 1679 cursor
1169 1645 1220 1686 15,
1242 1656 1300 1689 97.

854 1707 1029 1740 Laedunt
1077 1704 1216 1736 silicem
1272 1713 1477 1745 percussum.

806 1764 962 1810 pondere
987 1775 1064 1795 vasa
1081 1761 1113 1801 3,
1128 1771 1207 1803 272.

850 1819 1000 1853 Laelius
1030 1820 1178 1854 miretur
1217 1814 1367 1862 grandes
1403 1814 1474 1848 alas

809 1878 862 1919 14,
885 1876 958 1921 195.

851 1935 978 1966 Laene
996 1933 1137 1965 coccina
1165 1942 1248 1963 eum
1264 1930 1362 1961 vitari
1379 1929 1478 1961 iubet

808 1992 840 2031 5,
857 1991 933 2023 285.
963 1998 1100 2033 pertusa
1123 1989 1284 2025 homines
1308 1986 1393 2018 haec
1416 1985 1476 2018 di-

811 2060 887 2080 cere
916 2059 987 2080 uou
1014 2046 1144 2079 audent
1170 2043 1202 2085 5,
1221 2044 1294 2077 151.
1335 2044 1477 2075 laenam.

809 2107 970 2149 pignerat
994 2116 1025 2148 7,
1046 2103 1101 2147 75.

856 2163 1010 2194 Laertes
1034 2170 1151 2200 senex,
1176 2159 1231 2190 cui
1252 2158 1302 2189 sas
1316 2155 1477 2188 Ithacum

812 2221 934 2262 lugere
958 2226 1135 2251 natantem
1164 2226 1217 2254 10,
1238 2212 1314 2257 257.

858 2277 1141 2320 Laestrygonas
1165 2273 1337 2303 immanes
1360 2266 1410 2308 15,
1427 2266 1479 2300 18.

857 2335 1021 2366 Laetare
1039 2332 1153 2374 specie
1176 2328 1311 2361 iuvenis
1340 2325 1483 2367 1ο,510.

857 2392 998 2423 Laetus
1021 2385 1170 2420 stridore
1195 2393 1333 2416 catenae
1357 2380 1409 2422 14,
1423 2380 1481 2413 23.

814 2447 970 2480 fatebere
999 2444 1050 2483 15,
1069 2441 1146 2475 248.
1190 2442 1279 2472 laeta
1306 2433 1480 2470 Clitumni

814 2514 940 2547 pascua
967 2501 1084 2542 12,15.
1111 2499 1184 2531 dies
1212 2496 1329 2537 15,41.
1360 2495 1480 2528 Venus

815 2571 885 2602 quo
911 2567 1000 2590 astro
1022 2569 1056 2589 se
1079 2553 1275 2598 proseratfi,
1294 2552 1371 2597 570.
1395 2553 1480 2584 laeti

815 2617 968 2660 phaleris
1007 2622 1039 2645 et
1070 2612 1254 2653 torquibus
1281 2622 1401 2642 omnes
1429 2608 1482 2648 16,

819 2672 874 2704 60.
921 2673 1048 2703 laetam
1075 2669 1212 2702 Urbem
1247 2669 1331 2704 fecit
1355 2667 1483 2698 Statius

822 2740 854 2774 7,
867 2727 921 2763 85.
947 2729 1045 2762 laetis
1058 2726 1254 2772 Phrygibus
1270 2724 1386 2768 12‚75.
1405 2722 1485 2755 lae-
