1759 3029
351 209 593 253 PERSII
640 212 724 253 ET
782 207 1179 254 IVVENALIS
1321 227 1461 257 Lxxxx

69 332 170 377 nus}
224 339 344 381 quam
384 327 516 365 Musis
563 340 703 376 carm,
744 327 849 366 fidus
885 333 927 366 et
963 327 1179 378 candidus,
1233 336 1365 382 gratus
1416 338 1459 370 et

76 396 301 444 officiosus,
342 396 576 446 ingeniosus
620 401 661 433 et
709 395 871 444 doctus,
908 402 1026 447 patre
1069 410 1145 434 nec
1176 398 1352 448 ingenuo
1380 413 1458 438 nec

69 464 202 512 claro,
232 463 304 500 sed
338 463 448 501 bono
487 469 530 500 et
558 461 750 510 honesto,
786 462 954 501 adsiduo
991 477 1151 503 morum
1181 464 1254 502 fili]
1289 468 1459 508 custode

71 536 114 568 et
147 531 310 568 rectore
336 530 622 582 virtutumque
655 535 696 568 et
721 536 986 582 praeceptore
1014 537 1055 568 et
1091 533 1301 584 exemplo,
1330 542 1458 586 natus,

69 597 129 647 (v.
178 598 260 635 Sat.
301 598 333 646 I,
371 598 409 645 4,
458 599 534 636 105
577 612 659 650 seq.
703 598 739 646 6,
779 599 830 636 65
864 595 964 650 seq.)
1000 599 1209 650 praeclara
1247 603 1458 651 praeditus

67 665 229 714 indole,
271 665 427 703 artibus
461 665 644 703 imbutus
676 666 913 704 liberalibus
957 672 999 704 et
1034 665 1241 716 honestis,
1280 670 1458 707 familia-

66 733 190 771 ritate
231 733 484 770 Graecorum
523 739 565 770 et
600 733 731 771 multo
767 747 907 772 rerum
940 748 1018 772 usu
1056 735 1266 783 subactus,
1296 737 1460 786 elegan—

66 800 318 838 tissimorum
349 811 685 852 summorumque
727 800 914 839 virorum
957 802 1252 840 consuetudine
1293 804 1460 854 politus,

67 868 197 918 gratia
244 867 424 905 Caesaris
472 868 789 920 principumque
837 868 1015 907 civitatis
1057 868 1207 906 florens
1253 883 1297 908 ac
1333 877 1460 919 tutus,

65 947 150 972 non
194 934 423 972 adsectator
468 949 612 973 eorum
657 935 725 973 vel
764 935 997 974 adsentator
1026 934 1192 974 humilis
1228 943 1269 974 et
1303 940 1461 977 manci-

62 1002 205 1053 pium,
233 1002 347 1040 nulla
377 1001 664 1054 philosophiae
698 1002 913 1054 disciplina
950 1003 1167 1041 adstrictus
1188 1033 1198 1052 ,
1226 1004 1298 1041 sed
1337 1006 1459 1043 modo

64 1082 120 1107 ex
163 1069 360 1118 Zenonis,
397 1069 520 1108 modo
562 1077 620 1108 'ex
656 1069 830 1122 Epicuri
872 1069 1005 1108 hortis
1053 1070 1175 1108 flores
1224 1071 1460 1124 decerpens,

64 1135 125 1186 (v.
166 1136 295 1190 Epist.
314 1135 346 1185 J,
380 1150 413 1186 1,
452 1138 500 1176 13
543 1133 644 1190 seq.)
681 1139 882 1189 privatam
925 1138 1143 1187 virtutem,
1186 1153 1312 1190 quum
1347 1142 1462 1179 nulla

64 1204 235 1255 amplius
268 1205 432 1256 publica
464 1210 593 1253 esset,
633 1205 770 1242 colens
796 1218 840 1242 ac
859 1206 1139 1256 praecipiens,
1178 1206 1317 1244 fractis
1340 1208 1462 1246 Bruti

65 1270 273 1324 Cassiique
311 1272 457 1324 opibus
493 1277 535 1309 et
566 1285 723 1310 summa
756 1285 898 1309 rerum
933 1272 983 1310 ad
1021 1286 1148 1311 unum
1187 1280 1348 1313 senatus
1382 1289 1460 1327 po-

63 1338 234 1390 pulique
276 1352 480 1377 consensu
524 1338 658 1377 delata
702 1339 848 1378 cedens
889 1339 1078 1378 fortunae
1118 1347 1160 1377 et
1197 1342 1321 1380 vitam
1354 1343 1462 1380 libe-

37 1419 177 1462 (ram,
217 1406 500 1454 commodam,
534 1406 657 1444 nullis
709 1407 778 1445 vel
836 1421 1028 1445 curarum
1081 1409 1149 1445 vel
1202 1411 1462 1459 negotiorum

62 1474 322 1526 publicorum
356 1474 553 1512 molestiis
593 1481 802 1522 vexatam,
835 1475 965 1512 otium
1000 1474 1170 1512 liberale
1194 1489 1463 1528 securamque

64 1540 390 1578 mediocritatem
451 1547 635 1589 sectans,
701 1543 857 1589 animo,
913 1548 1152 1592 paupertate
1210 1550 1252 1580 et
1308 1544 1463 1594 gloriae

14 1618 24 1625 ²*
66 1621 204 1646 amore
238 1607 288 1644 ad
327 1608 504 1646 carmina
537 1607 723 1646 facienda
757 1609 967 1658 impulsus.

0 2415 7 2450 *ι

2 2538 9 2571 μ’

5 2573 12 2595 Ἴ

3 2599 13 2657 ὲ

5 2652 15 2684 ἢ

6 2688 15 2730 εε

181 1674 284 1711 Post
311 1675 540 1725 Augustum
581 1674 700 1712 valde
725 1675 960 1712 mutabatur
999 1688 1140 1712 rerum
1169 1682 1308 1724 status,
1339 1683 1380 1715 et
1407 1679 1462 1716 li-

66 1741 226 1779 bidines
256 1741 449 1793 vitiaque,
475 1741 634 1793 pudore
676 1747 718 1779 et
756 1741 912 1791 legibus
956 1741 1087 1780 adhuc
1123 1743 1354 1793 refrenata,
1393 1751 1464 1784 aut

69 1809 173 1845 clam
213 1809 340 1857 magis
379 1822 500 1860 quam
539 1809 672 1860 palam
712 1809 908 1857 exercita,
949 1805 1125 1847 vinculis
1167 1811 1302 1861 ruptis
1333 1812 1461 1850 effuso

64 1867 306 1913 serebantur
336 1889 470 1924 cursu,
508 1881 550 1912 et
585 1875 653 1913 vel
690 1875 856 1926 publica
891 1878 1137 1914 auctoritate
1181 1879 1463 1931 exemplisque

66 1941 282 1980 Caesarum
310 1943 611 1981 muniebantur.
670 1942 842 1980 Pessimi
882 1943 1157 1995 Imperatores
1189 1951 1304 1983 erant
1337 1947 1461 1984 Tibe-

65 2011 169 2054 rius,
197 2008 321 2047 homo
362 2009 411 2047 ad
439 2010 651 2049 saevitiam
691 2016 734 2047 et
771 2024 890 2047 omne
930 2024 1055 2061 genus
1086 2012 1307 2059 vitiorum,
1359 2027 1462 2065 quae

63 2078 170 2116 vivis
201 2077 384 2128 Augusto
413 2083 454 2114 et
484 2077 732 2116 Germanico
762 2076 934 2116 Caesare
975 2085 1090 2117 metu
1120 2079 1461 2126 dissimulaverat,

39 2151 212 2183 -natura
260 2158 497 2196 propensus,
540 2146 610 2196 qui
653 2145 830 2183 comitiis
872 2146 1026 2197 populo
1071 2146 1266 2191 ademtis,
1320 2149 1461 2186 castris

48 2210 336 2264 'praetorianis
378 2218 498 2249 extra
525 2211 685 2251 Urbem
725 2214 951 2250 exstructis
988 2219 1030 2251 et
1067 2214 1268 2252 institutis
1297 2215 1460 2254 iudiciis

67 2280 292 2318 maiestatis
326 2279 703 2332 delationibusque‚
746 2281 893 2332 quibus
933 2281 1111 2318 maxime
1142 2282 1380 2318 innocentes
1411 2283 1460 2321 ab

68 2360 117 2383 eo
148 2348 376 2398 ceterisque
420 2347 605 2397 tyrannis
644 2347 995 2399 opprimebantur,
1037 2346 1357 2386 dominationem
1387 2349 1462 2387 fir·-

66 2414 202 2452 mahat
214 2428 224 2462 3
268 2415 397 2452 Caius
434 2415 646 2466 Caligula,
681 2421 911 2453 monstrum
941 2413 1131 2461 hominis,
1172 2428 1264 2453 cum
1302 2418 1463 2456 ratione

67 2481 292 2529 insaniens3
353 2482 569 2527 Claudius,
597 2483 761 2534 ingenio
791 2481 1001 2534 praeditus
1033 2479 1149 2517 tardo
1190 2489 1232 2520 et
1261 2485 1460 2523 uxoribus

40 2563 42 2565 ’
69 2547 310 2600 libertisque
337 2548 546 2598 addictus;
605 2552 734 2594 Acro,
764 2550 986 2588 sceleribus
1011 2561 1095 2585 non
1120 2548 1254 2586 minus
1285 2550 1460 2601 infamis,

37 2657 42 2660 ¹
70 2627 188 2666 quam
216 2616 409 2666 ineptiis3
468 2618 603 2655 Galba
640 2631 807 2665 avarus;
869 2614 974 2654 Otho
1005 2614 1138 2652 mollis
1169 2621 1210 2652 et
1237 2615 1460 2667 delicatus3

75 2682 118 2719 V
116 2683 272 2719 mllias
302 2695 457 2730 saeva&
486 2683 654 2733 ignavus
684 2691 726 2722 et
755 2698 840 2722 uon
864 2680 1094 2734 profundae
1123 2682 1260 2726 modo,
1293 2684 1363 2721 sed
1393 2685 1460 2724 in-

14 2739 18 2788 ἶ
58 2750 341 2800 'tempestivae
367 2750 490 2788 etiam
519 2764 565 2788 ac
594 2752 780 2793 sordidae
810 2751 938 2802 gulae.
998 2749 1094 2800 Quo
1125 2752 1258 2789 occiso
1285 2764 1349 2789 res
1378 2766 1459 2804 pu-

117 2825 158 2857 lv
163 2835 284 2860 samu..
319 2828 344 2862 V
356 2836 412 2863 αι.
443 2829 474 2862 l·
1057 2818 1082 2856 f

19 2868 71 2889 :¹⁸
