1759 3029
366 152 599 194 PERSII
634 152 724 191 ET
759 151 1154 193 IVVENALIS
1296 167 1471 195 mxxxix

87 270 216 312 Persii
261 268 442 320 dialogus
488 269 674 320 poeticae
714 267 888 306 similior
940 273 1001 304 est
1045 268 1216 318 figurae,
1256 283 1398 322 quam,
1426 277 1474 309 ut

85 339 356 385 Horatianus,
388 336 552 382 vividae
589 349 729 374 rerum
762 329 1151 387 repraesentationi,
1188 351 1290 388 quae
1331 352 1475 389 magna

84 406 380 443 sententiarum
414 404 638 452 varietate,
668 404 796 454 gratia
835 416 879 440 ac
904 403 1088 441 novitate
1106 432 1116 451 ‚
1145 403 1354 453 ingenioso
1375 417 1474 456 per*

82 486 272 510 sonarum
314 471 475 509 delectu
522 477 564 509 et
605 471 755 522 insigni
789 484 930 508 earum
964 470 1168 520 cogitandi
1198 470 1476 525 loquendique

82 540 333 591 proprietate
364 538 539 576 mirifice
580 538 767 595 delectat.
797 535 817 559 9
856 538 1062 576 Iuvenalis
1097 538 1255 589 saepius
1290 539 1476 579 docentis

81 613 154 644 aut
189 606 451 644 declamantis
483 612 621 659 partes
656 606 856 654 sustinet,
888 619 1009 657 quam
1054 605 1153 643 alios
1196 605 1476 658 colloquentes

80 673 260 712 inducit:
298 673 424 712 huius
480 680 618 711 tamen
662 673 760 710 artis
805 673 1057 711 Horatianae
1107 672 1314 711 desectum
1359 688 1475 713 com-

80 748 224 794 pensat
266 741 416 780 vividis
457 755 598 780 rerum
643 741 912 791 imaginibus,
962 740 1261 778 sententiarum
1298 743 1475 781 veritate

83 815 125 847 et
169 809 367 860 gravitate
409 809 682 860 dictionisque
721 808 987 859 proprietate.
1007 829 1060 837 —-
1099 808 1164 846 Ab
1195 807 1341 846 iisdem
1372 824 1475 861 poe-

79 877 159 924 tis,
185 876 258 914 sed
285 890 309 913 a
341 877 484 914 Persio
520 881 562 913 et
596 876 790 921 Iuvenale
825 876 1007 928 saepius,
1051 888 1171 926 quam
1204 876 1253 912 ab
1288 876 1476 932 Horatio,

80 944 222 982 induci
247 944 381 981 solent
413 943 656 991 adversarii,
690 957 742 981 ne
767 943 864 982 ficto
898 942 1065 995 quidem
1097 942 1264 980 nomine
1283 944 1477 996 insigniti·

82 1011 198 1060 Quae
235 1025 300 1049 ars
340 1025 424 1050 non
457 1018 549 1059 est,
578 1010 688 1063 quod
726 1012 844 1049 nobis
892 1010 1127 1062 displiceat:
1164 1023 1259 1049 nam
1290 1013 1478 1063 pulcrior

81 1085 146 1116 est
174 1079 305 1129 imago
343 1084 385 1115 et
429 1078 650 1127 efficacior,
692 1093 794 1130 quae
832 1078 1020 1130 personis
1063 1078 1276 1115 animatur.
1328 1079 1479 1118 Enim—

80 1158 181 1184 vero
218 1146 349 1184 multa
384 1152 609 1184 occurrunt
644 1146 762 1193 loca,
800 1148 844 1185 in
877 1145 1023 1198 quibus
1058 1159 1141 1183 non
1176 1146 1273 1183 satis
1300 1147 1477 1185 manife-

83 1220 167 1250 stus
217 1219 278 1250 est
325 1213 507 1264 dialog-us
552 1220 593 1250 et
647 1213 690 1252 in
738 1213 864 1251 dubio
903 1213 1106 1264 positum,
1153 1219 1295 1250 utrum
1339 1215 1478 1264 verba,

85 1293 188 1332 quae
212 1279 425 1331 leguntur}
453 1280 535 1318 sint
563 1279 786 1319 adversarii
810 1278 966 1333 aliquid
1003 1280 1271 1331 opponentis,
1301 1294 1351 1318 an
1374 1295 1478 1333 poe-

83 1354 148 1385 tae
189 1347 347 1386 ironice
391 1347 612 1399 loquentis.
654 1369 708 1378 —-
786 1347 911 1397 Quod
959 1347 1011 1385 ad
1075 1347 1265 1399 epistolas
1319 1349 1479 1397 attinet,

82 1414 334 1454 Horatianae
369 1415 549 1453 maxime
576 1415 786 1454 excellunt
814 1416 1072 1460 urbanitate,
1104 1416 1333 1467 argumenti
1357 1429 1479 1467 prae-

82 1482 230 1519 stantia
263 1489 304 1520 et
333 1483 485 1520 eximia
517 1489 627 1531 arte,
658 1496 737 1535 qua
760 1483 922 1521 easdem
954 1491 1084 1536 saepe!
1107 1497 1174 1522 re:
1204 1483 1320 1522 varia
1347 1484 1480 1521 ratio-

84 1563 136 1587 ne
168 1555 338 1594 tractat,
366 1551 544 1587 lectores
565 1549 738 1589 diversis
775 1551 1018 1588 excursibus
1043 1551 1481 1602 observationibusque

85 1617 155 1654 vel
191 1616 366 1654 delectat
412 1617 480 1654 vel
514 1617 658 1661 docet,
693 1617 796 1654 utile
830 1616 941 1655 dulei
972 1619 1171 1666 miscens,
1210 1630 1352 1654 sensus
1385 1631 1480 1654 suos

88 1685 175 1722 sive
208 1685 359 1721 tectius
384 1684 594 1734 expromit
617 1684 702 1721 sive
732 1684 927 1732 liberius,
956 1690 999 1721 et
1027 1698 1123 1729 eos,
1155 1684 1206 1722 ad
1239 1696 1342 1735 quos
1376 1685 1482 1722 scri-

87 1752 170 1799 bit,
194 1750 335 1788 ,laudat
367 1750 436 1788 vel
472 1751 624 1801 carpit,
655 1756 696 1787 et
728 1749 918 1788 hortatur
951 1751 1021 1788 vel
1052 1750 1306 1789 dehortatur.
1364 1750 1482 1789 Idem

85 1818 284 1856 Horatius
317 1818 461 1855 satiras
499 1818 770 1869 epistolasque
794 1818 1020 1856 notissimis
1051 1819 1297 1870 plerumque
1333 1823 1376 1855 et
1395 1818 1482 1855 cla-

84 1886 256 1925 rissimis
287 1884 499 1936 inscripsit
531 1884 657 1933 viris,
685 1885 854 1922 Persius
888 1890 930 1922 et
963 1885 1168 1923 Iuvenalis
1204 1886 1357 1936 ignotis
1393 1885 1485 1924 sere

88 1959 130 1992 et
154 1952 350 1991 obscuris.
409 1951 519 1990 Illud
547 1952 772 2004 plurimum
807 1951 910 1990 facit
942 1951 994 1989 ad
1025 1951 1150 1990 fidem
1183 1958 1225 1990 et
1255 1954 1484 1991 auctorita-

86 2027 170 2058 tem
195 2019 441 2070 augendam:
469 2018 548 2057 hoc
583 2033 686 2058 vero
708 2025 944 2072 temporum
967 2018 1196 2057 diversitati
1215 2020 1483 2060 tribuendum

89 2093 172 2136 est,
215 2100 348 2139 neque
392 2087 528 2139 poetis
563 2087 667 2126 vitio
697 2087 886 2126 dandum.
941 2087 1069 2124 Multi
1103 2092 1319 2139 praeterea
1342 2085 1481 2125 homi-

90 2169 186 2204 neS,
214 2155 446 2209 nominibus
469 2161 630 2192 tantum
656 2156 765 2204 noti,
795 2168 1019 2206 eorumque
1036 2154 1219 2193 stultitia
1241 2160 1312 2192 aut
1345 2156 1483 2206 turpi-

88 2223 188 2260 tudo
234 2237 256 2260 a
285 2222 515 2260 triumviris
559 2222 642 2260 illis
683 2236 767 2260 uno
801 2222 890 2260 sere
929 2222 1142 2274 alteroque
1175 2222 1326 2269 verbo,
1356 2235 1378 2259 a
1409 2222 1483 2259 Iu-

88 2290 232 2328 venale
264 2303 363 2328 vero
391 2289 541 2341 passim
565 2290 768 2341 copiosius
802 2295 1012 2328 notantur.
1068 2290 1158 2328 Hac
1195 2289 1355 2327 ratione
1374 2303 1483 2328 non—-

89 2370 310 2409 numquam
339 2357 402 2395 vis
445 2356 610 2395 satirica
652 2357 877 2406 minuitur3
905 2357 976 2394 illa
1006 2357 1201 2395 tenebrae
1235 2357 1376 2396 multis
1407 2359 1484 2396 ob-

92 2423 301 2462 ducuntur
337 2423 464 2473 locis,
520 2424 571 2462 ad
618 2438 796 2477 quorum
845 2424 1092 2462 sententiam
1124 2424 1291 2476 penitus
1319 2426 1484 2477 perspi-

91 2490 277 2529 ciendam
293 2491 517 2543 plurimum
549 2491 704 2541 refert,
732 2492 838 2530 bene
869 2504 989 2529 nosse
1024 2489 1210 2529 homines
1234 2506 1279 2530 ae
1301 2506 1393 2542 res,
1433 2490 1485 2531 de

97 2558 247 2610 quibus
285 2558 429 2609 agitur.
499 2559 740 2599 obscuritas
789 2565 928 2598 tamen
981 2557 1105 2608 haec,
1160 2573 1214 2598 ex
1256 2559 1487 2612 ignorantia

138 2702 162 2735 9
191 2702 223 2723 v.
255 2690 424 2724 Wieland
457 2691 501 2725 ad
533 2691 655 2727 Horat.
682 2690 754 2725 Sat.
779 2690 826 2734 ΙΙ,
853 2701 886 2728 2.
912 2690 944 2725 3.
965 2689 998 2725 4.
1026 2697 1061 2724 et
1087 2688 1119 2724 5.
