1759 3029
241 237 372 267 cmuv
761 223 953 264 IND
1004 224 1125 264 EX

240 342 470 396 superiores
516 339 758 391 interpretes
799 340 848 377 acl
893 338 1067 391 singulas
1101 352 1221 379 voces
1252 337 1550 394 sententiasque
1571 341 1626 379 il·-

239 409 466 450 lustrandas
507 408 844 455 observaverant,
887 408 1006 444 ctiam
1049 409 1228 446 maxime
1271 410 1425 457 aliena,
1474 415 1626 459 arguta,

241 479 420 528 vissgaria
456 481 498 514 et
533 473 723 521 absurda,
753 486 884 525 neque
918 476 1063 523 semel,
1089 475 1159 512 sed
1195 477 1352 527 saepius
1390 490 1411 513 a
1440 475 1627 527 pluribus

240 547 459 597 verbisque
493 549 652 580 tantum
682 542 768 579 aliis
809 547 966 590 notata,
1009 544 1094 580 sine
1122 542 1207 581 ullo
1246 544 1370 581 animi
1397 542 1549 579 iudicio
1581 555 1625 578 ac

243 614 402 651 deiectu
444 610 646 649 cumulata
678 615 797 660 atque
827 615 1016 659 congesta
1048 617 1161 658 sunt,
1191 611 1336 662 quibus
1362 611 1494 648 lector
1525 622 1627 646 one·-

241 687 358 720 ratur
388 680 534 729 magis,
564 690 683 728 quam
721 676 947 713 adiuvatur,

355 746 524 784 Saeculo
562 744 735 795 denique
786 743 935 780 XVIII
972 757 1057 780 non
1091 757 1219 781 novos
1242 750 1361 795 poeta
1389 749 1530 780 nactus
1565 747 1628 780 est

240 817 507 865 intorp].·¹ctes‚
541 817 704 863 praeter
742 809 1030 859 Marshfflurn,
1071 810 1222 855 (Lond.
1266 811 1405 860 1723.)
1434 811 1504 861 qui
1534 815 1630 847 tan-

242 889 330 920 tum
362 895 443 918 non
483 880 617 917 omnia
652 878 773 915 debet
801 877 990 925 Lubino,
1021 885 1061 916 et
1093 878 1285 929 quosdam
1319 877 1501 915 eruditos
1538 878 1629 913 An-

243 951 347 1001 glos,
375 949 497 985 Italos
522 952 562 983 et
593 946 840 991 Germanos,
865 946 934 996 qni
953 946 1210 983 versionibus
1232 946 1314 982 suis
1350 944 1630 982 adnotationes

241 1017 521 1061 subiecerunt,
551 1015 593 1050 in
615 1013 760 1063 quibus
780 1012 906 1048 multa
928 1011 1091 1062 quidem
1112 1013 1253 1049 insunt
1277 1014 1405 1060 bona,
1433 1011 1504 1048 sed
1527 1024 1628 1062 quae

242 1096 327 1122 non
345 1081 531 1119 omnibus
551 1080 680 1116 lectm
685 1092 752 1116 um
778 1077 990 1116 desidexiis
1024 1081 1119 1117 satis
1144 1079 1312 1116 faciunt.
1372 1124 1377 1127 ᾖ

356 1149 440 1186 Iam
474 1147 508 1184 si
539 1146 695 1193 omnia,
738 1158 841 1197 quae
862 1159 884 1183 a
918 1147 1035 1183 nobis
1058 1152 1099 1184 et
1120 1146 1353 1196 singulatim
1375 1151 1416 1182 et
1439 1145 1629 1182 universe

243 1216 351 1261 dicta
374 1221 488 1262 sunt,
526 1215 758 1264 coilegeris,
794 1213 947 1251 facile
936 1227 992 1250 111
985 1214 1198 1264 alligitur,
1237 1226 1356 1264 quam
1393 1226 1536 1263 parum
1558 1210 1631 1249 ad-

243 1283 324 1321 11110
366 1282 475 1320 edit<
467 1295 570 1318 111111
603 1279 818 1318 1010113115
840 1280 973 1317 studia
1002 1287 1089 1318 tum
1119 1282 1161 1317 in
1184 1280 1506 1318 emendationem
1530 1292 1631 1316 con-

243 1356 409 1397 textus,
449 1355 537 1385 tum
575 1348 619 1384 in
662 1360 859 1384 summam
889 1348 1240 1398 interpretationis
1273 1347 1551 1398 profecerint,
1592 1352 1632 1383 et

246 1431 366 1469 quam
408 1429 506 1452 vere
542 1414 696 1451 dixerit
730 1413 961 1451 Fabricius:
1002 1413 1060 1466 (in
1082 1414 1188 1452 Bibl.
1211 1414 1301 1451 Lat.
1324 1414 1372 1451 T.
1397 1413 1448 1451 II.
1470 1427 1508 1465 p.
1537 1413 1630 1451 362.

246 1484 340 1522 edit.
363 1483 523 1520 Ernest.
552 1481 835 1531 Lipsf1773.)
863 1480 1028 1528 „Quum
1059 1481 1257 1518 Henninii
1286 1480 1410 1518 editio
1440 1481 1493 1518 sit
1510 1480 1633 1518 nimis

247 1557 412 1588 onerata
444 1549 577 1595 notis,
621 1561 696 1585 nec
731 1546 783 1584 ad
815 1560 934 1584 usum
958 1549 1052 1584 satis
1075 1553 1187 1598 apta,
1219 1561 1344 1599 quum
1363 1547 1462 1586 adeo
1492 1548 1630 1585 multis

243 1618 346 1655 locis
382 1617 432 1654 sit
466 1614 763 1668 quaerendum,
787 1615 821 1652 si
846 1615 950 1651 scire
979 1615 1251 1664 interpretum
1272 1615 1492 1652 sententias
1514 1614 1631 1664 velis,

246 1684 492 1734 omninoque
535 1682 717 1719 nondum
755 1681 1010 1719 satisfactum
1044 1683 1098 1720 sit
1126 1684 1171 1719 in
1194 1681 1273 1720 hoc
1296 1682 1522 1733 scriptore:
1552 1695 1629 1733 op·-

245 1751 413 1795 tandum
455 1749 631 1796 videtur,
669 1753 716 1787 ut
747 1749 892 1801 aliquis
922 1749 987 1786 vir
1017 1748 1160 1787 doctus
1176 1779 1187 1798 ,
1230 1756 1318 1788 tum
1341 1749 1475 1787 literis
1494 1749 1630 1787 latinis

247 1818 408 1868 egregie
429 1817 652 1854 instructus
668 1845 678 1863 ,
702 1822 788 1852 tum
814 1816 858 1853 in
877 1816 1060 1854 Satiricis
1084 1816 1352 1868 scriptoribus
1382 1830 1631 1867 cognoscen-

247 1886 307 1922 dis
330 1885 451 1922 tritus
469 1913 480 1931 ‚
511 1882 704 1933 suscipiat
715 1894 863 1920 novam
885 1876 1130 1931 editionem,
1161 1884 1282 1921 etiam
1300 1883 1407 1922 mole
1429 1884 1633 1921 minorem

246 1951 530 1997 Henniniana,
570 1956 610 1986 et
643 1949 694 1986 ad
726 1962 814 1986 eam
842 1949 946 1986 bene
979 1949 1197 1987 curandam
1231 1956 1323 1987 ante
1345 1951 1478 1987 omnia
1501 1950 1629 1987 libros

246 2019 420 2069 scriptos
441 2023 480 2055 et
507 2016 621 2054 editt.
636 2016 820 2054 excutiat
842 2014 1047 2066 paulatim,
1077 2022 1124 2053 ut
1145 2017 1357 2055 materiam
1382 2018 1420 2054 ei
1438 2017 1629 2054 instituto

245 2091 380 2136 aptam
415 2083 582 2132 habeat,
622 2097 698 2135 per
734 2096 853 2136 quam
876 2082 1023 2120 deinde
1052 2089 1094 2121 et
1115 2097 1290 2137 piu‘gare
1314 2084 1487 2133 satiras,
1516 2089 1557 2122 et
1575 2083 1630 2121 il-

245 2153 421 2190 lustrare
444 2151 588 2189 deinde
609 2151 750 2202 possit.
765 2150 789 2171 “

578 2283 1300 2340 VERSIONES.

289 2406 424 2440 Omnes
449 2406 623 2440 Iuvenalis
642 2405 815 2437 versiones
833 2417 1034 2446 recensere,
1059 2417 1130 2439 non
1151 2414 1201 2438 est
1220 2406 1357 2439 consilii
1377 2409 1460 2441 mei.
1507 2408 1630 2451 Neque

337 2467 443 2496 etiam
465 2467 576 2497 otium
593 2462 680 2495 mihi
702 2463 770 2495 fnit
790 2469 824 2494 et
842 2462 988 2496 facultas
1012 2475 1132 2496 earum
1154 2475 1235 2497 cum
1253 2472 1354 2507 poeta
1375 2467 1629 2509 comparanda-

335 2533 435 2562 rum,
463 2522 524 2553 etsi
543 2520 600 2561 id,
637 2520 681 2552 ob
704 2527 803 2552 notas
821 2531 960 2563 quoque
990 2521 1162 2561 eruditas,
1199 2521 1312 2564 (inpr.
1339 2521 1465 2554 Oweni
1495 2531 1529 2555 et
1546 2523 1628 2555 Ma-

334 2578 416 2610 dani
445 2577 662 2620 Anglorum,
697 2578 824 2620 quibus
851 2588 951 2619 aegre
978 2579 1088 2621 carui)
1117 2590 1189 2609 non
1205 2581 1279 2610 sine
1300 2579 1416 2611 fructu
1434 2580 1630 2622 ᾔει-1110550

335 2634 556 2682 crediderim<
614 2635 835 2667 Recentiores
860 2642 1000 2667 tautum
1024 2635 1250 2678 popularium
1279 2646 1442 2667 meorum
1474 2635 1628 2672 subinde

334 2693 486 2734 inspexi,
519 2700 554 2724 et
581 2694 773 2724 memoravi
814 2693 1027 2735 praecipuas.
1088 2692 1159 2733 Qui
1193 2692 1312 2735 plures
1348 2703 1489 2725 noscere
1522 2694 1628 2735 cupit,

332 2749 493 2783 consulat
508 2748 566 2780 La
585 2749 730 2783 France
747 2748 922 2792 litetaire,
949 2759 996 2782 οιι
1015 2748 1249 2784 Dictionaire
1259 2749 1322 2782 des
1342 2754 1489 2782 auteurs·
1499 2747 1627 2794 franc,
