1759 3029
614 91 953 132 SATIRA
1027 91 1130 132 xv.
1486 90 1567 144 287

177 213 252 257 est,
281 207 475 246 admixtis
503 207 666 246 facetiis
691 213 960 260 temperatur.
999 228 1053 237 —
1111 207 1336 246 Aeliaintre
1362 205 1466 246 haec
1490 206 1569 245 be·-

175 288 229 313 ne
258 275 489 314 adnotavit:
544 275 752 324 „Inferius
791 281 929 313 tamen
967 272 1046 311 hoc
1078 289 1178 326 opus
1209 276 1356 313 ceteris
1386 274 1569 313 eiusdem

176 344 354 381 auctoris
382 343 550 381 videtur
560 358 570 392 3
602 342 712 395 quod
739 355 824 380 non
849 342 1002 380 mirum
1033 349 1112 380 est:
1151 357 1243 381 nam
1275 349 1316 380 et
1345 356 1474 381 senex
1493 341 1570 380 ad-

173 410 342 449 modum
369 417 469 455 erat,
510 417 553 449 et
580 424 668 449 rem
709 410 905 447 Romanis
944 410 1169 448 inauditam
1210 411 1410 448 narrabat.
1470 409 1570 448 Non

173 491 222 515 ea
248 478 356 516 bella
383 477 553 516 infanda
581 484 774 525 noverat,
817 491 919 529 quae
959 477 1078 515 furor
1108 478 1323 529 religiosus
1354 477 1568 530 sequenti-

170 544 247 582 bus
278 546 388 583 aevis
413 545 625 596 produxit.
697 545 810 594 Quid
851 546 886 583 si
923 545 1155 583 Mahumeti
1194 545 1416 583 fanaticum
1441 544 1566 582 ardo—-

171 625 260 651 rem
285 613 456 651 vidisset
483 613 752 664 eumdemque
783 626 906 650 manu
946 612 1093 650 dextra
1121 612 1297 663 gladium
1329 618 1567 663 gestantem,

173 679 380 718 Coranum
409 680 567 718 altera?
623 680 738 728 Quid
767 681 801 718 si
829 679 1159 718 Christianorum
1187 686 1325 717 sancta
1354 680 1460 718 bella
1489 683 1565 721 sub

170 748 305 785 crucis
332 748 488 785 vexillo
519 754 718 799 suscepta,
742 749 799 784 les
827 748 1079 785 Croisades?
1134 747 1247 797 Quid
1278 748 1311 785 si
1332 747 1568 797 Albigensi-

168 815 244 853 bus
276 827 398 864 rogos
437 815 662 853 accensos?
728 813 910 853 Lutheri
955 822 994 852 et
1031 815 1191 853 Calvini
1233 822 1483 853 sectatorum
1524 821 1567 853 et

170 880 480 920 Catholicorum
509 882 673 921 furores
701 896 835 920 sacros
852 883 871 919 ἶ)
915 882 1013 920 Non
1033 884 1140 921 iuste
1170 884 1304 921 minus
1336 884 1563 922 exclamas-

167 955 231 988 set
259 949 532 1000 Adspiez'mus
571 950 765 1000 populos,
809 965 981 1002 quorum
1022 965 1104 987 non
1139 953 1292 1001 suffic-it
1323 954 1410 989 irae
1438 952 1564 990 Ocel-

167 1018 276 1055 disse
314 1018 507 1069 aliquem.
531 1045 538 1053 .
565 1045 573 1053 .
594 1045 601 1053 .
626 1046 634 1053 .
655 1045 663 1053 .
689 1047 697 1054 .
746 1017 828 1055 Sed
867 1031 941 1055 cur
981 1032 1027 1055 ea
1071 1019 1422 1057 commemorem?
1478 1020 1565 1057 Iam

166 1098 252 1123 non
279 1085 354 1122 sub
381 1086 512 1122 crucis
557 1083 714 1121 vexillo
753 1085 860 1122 bella
900 1091 941 1122 et
980 1091 1130 1135 strages
1165 1092 1259 1123 sunt
1297 1085 1563 1125 inchoandae.

167 1152 448 1191 Humanitatis
475 1150 608 1203 ipsius
640 1157 682 1188 et
707 1150 1000 1204 philosophiae
1031 1155 1197 1190 nomine
1227 1151 1354 1204 (quod
1380 1167 1464 1191 non
1481 1155 1565 1192 mi-

166 1234 245 1260 nus
279 1232 470 1268 saevum,
501 1225 542 1257 at
565 1219 788 1258 ridiculum
819 1221 946 1272 magis
977 1226 1017 1258 ct
1041 1221 1173 1257 inulto
1200 1220 1336 1258 minus
1357 1234 1564 1259 excusan-

166 1283 281 1339 dum)
312 1301 422 1325 arma
452 1293 739 1338 capessuntur‚
769 1301 894 1339 regna
925 1293 967 1325 et
997 1288 1170 1338 imperia
1200 1294 1412 1336 corruunt,
1435 1289 1560 1327 urbes

164 1355 412 1403 diruuntur,
466 1355 551 1405 agri
586 1361 805 1393 vastantur
846 1355 1118 1406 hominesque
1153 1355 1426 1393 trucidantur.
1493 1357 1561 1394 Sic

162 1423 277 1461 omni
311 1428 496 1474 tempore
535 1421 631 1460 inde
668 1422 911 1474 Principum
957 1422 1126 1459 ambitio
1155 1436 1293 1474 prava,
1330 1424 1560 1462 aulicorum

162 1489 337 1528 aviditas
368 1496 410 1526 et
434 1487 709 1541 Λημαγωγῶν
739 1490 918 1537 insania,
966 1489 1062 1526 hinc
1092 1489 1342 1541 populorum
1372 1491 1561 1529 socordia

162 1564 206 1596 et
234 1557 494 1596 imbecillitas
533 1557 698 1593 miseris
732 1557 974 1594 mortalibus
1007 1557 1161 1594 excidii
1202 1571 1349 1596 causae
1385 1558 1562 1596 suerunt

160 1630 397 1675 terramque
440 1621 545 1660 hanc
582 1623 777 1662 miseram
822 1624 970 1674 stragis
1019 1624 1160 1662 sedem
1215 1625 1560 1677 desolationisque

158 1691 309 1731 secere.
327 1691 351 1710 “

275 1759 343 1796 De
374 1764 572 1810 tempore,
615 1770 694 1809 quo
722 1756 826 1794 hanc
870 1758 1047 1796 Satiram
1085 1759 1296 1812 scripserit
1337 1760 1557 1810 Iuvenalis,

158 1833 198 1865 v.
231 1825 388 1864 comm.
416 1825 465 1863 ad
492 1839 530 1862 v.
564 1837 631 1874 27.
675 1825 817 1862 Minus
848 1831 1019 1873 constat,
1050 1840 1129 1877 qua
1158 1827 1370 1865 occasione
1402 1833 1444 1864 et
1475 1842 1556 1880 quo

158 1893 250 1931 loco
279 1894 504 1945 composita
533 1893 598 1929 sit.
688 1893 820 1930 Vetus
851 1891 987 1930 Schol.
1017 1894 1119 1941 „Ad
1148 1895 1378 1944 Volusium,
1408 1897 1557 1949 inquit,

159 1961 210 2000 de
239 1961 539 2012 Aegyptiorum
569 1960 693 1998 sacris
726 1959 893 2007 scribit,
947 1960 1041 1997 odio
1074 1960 1270 2013 Crispini,
1318 1964 1387 2015 qui
1415 1963 1558 2015 Aegy-

156 2029 268 2082 ptius
291 2034 389 2077 erat,
420 2042 553 2080 egens,
585 2035 627 2066 et.
649 2027 770 2067 modo
798 2028 990 2078 magister
1008 2028 1193 2079 peditum
1224 2035 1345 2082 atque
1368 2032 1556 2082 equitum

157 2095 292 2134 sactus
322 2097 422 2134 estf‘
475 2095 572 2134 Vid.
605 2095 655 2133 ad
682 2096 714 2144 I,
742 2096 794 2133 2ss
825 2109 906 2147 seq.
938 2101 978 2133 et
1007 2097 1080 2144 IV,
1115 2110 1130 2134 1
1150 2111 1231 2149 seq.
1292 2097 1555 2138 Calderinus:

156 2161 399 2210 „Invehitur
436 2164 480 2201 in
517 2169 660 2201 mutua
693 2163 910 2201 hominum
947 2163 1040 2201 odia
1078 2170 1119 2200 et
1158 2165 1379 2213 feritatem,
1407 2172 1555 2204 notans

157 2229 244 2267 scil.
272 2230 477 2280 Paridem,
507 2232 569 2279 (v.
602 2230 654 2269 ad
678 2231 775 2279 VII,
806 2232 855 2280 87
892 2229 992 2283 seq.)
1019 2232 1135 2268 cuius
1165 2231 1261 2270 odio
1300 2233 1438 2271 suerat
1465 2235 1553 2272 eie-

159 2301 261 2345 ctus,
283 2304 416 2336 sumta
444 2299 659 2337 occasione
686 2313 739 2336 ex
769 2312 814 2336 re
845 2304 969 2349 gesta,
1000 2312 1119 2350 quain
1147 2300 1190 2336 in
1213 2300 1402 2353 Aegypto
1432 2301 1552 2340 vide—

156 2364 261 2401 rat.“
314 2364 500 2415 Lipsius:
528 2365 674 2419 (Epist.
708 2367 876 2416 Quaest.
906 2365 977 2413 lv,
1004 2363 1088 2416 20.)
1123 2364 1391 2413 „Iuvenalem
1423 2383 1550 2407 exsu-

156 2430 260 2469 lasse
287 2432 362 2468 sub
383 2432 636 2482 Domitiano,
663 2448 747 2472 nou
777 2434 1002 2480 abnuerim,
1029 2439 1081 2480 et,
1109 2434 1219 2485 quod
1246 2435 1288 2472 in
1317 2434 1468 2475 Divaei
1495 2437 1550 2476 li—

156 2498 232 2537 bro
262 2505 336 2546 est,
360 2499 404 2535 in
429 2499 663 2552 Aegyptum
691 2503 813 2539 etiam
842 2502 1026 2543 missum,
1051 2501 1163 2538 ultro
1185 2502 1444 2542 crediderim.
1474 2505 1548 2544 In-

156 2566 293 2604 dicare
319 2565 398 2604 hoc
426 2567 513 2616 ipse
541 2568 676 2605 voluit
701 2569 785 2605 Sat.
826 2567 925 2614 XV,
965 2568 1030 2604 45.
1070 2569 1166 2606 Ait:
1224 2581 1428 2621 quantum
1458 2575 1546 2623 ipse

154 2635 310 2671 notavi.
368 2633 487 2671 Vidit
513 2633 640 2685 igitur
667 2633 912 2688 Aegyptum,
943 2636 1008 2673 vel
1036 2650 1163 2688 quum
1188 2638 1291 2677 inibi
1321 2639 1547 2695 exsularet4
