1759 3029
596 78 1029 122 PRAEFATIO.
1444 96 1513 123 vn

121 209 364 264 brorum
395 207 586 280 copia,
629 225 819 280 neque
853 204 984 263 satis
1025 204 1121 260 otii
1157 206 1506 281 suppetierit,

51 306 53 311 ⁴
119 297 238 367 sed,
254 314 432 372 quum
451 317 678 371 semper
701 317 817 352 non
837 298 1025 353 minus
1049 297 1167 353 fere
1191 295 1357 352 studii
1378 295 1506 349 the-

118 388 356 462 ologiae,
380 407 554 461 quam
576 385 931 462 philologiae,
954 400 1008 442 et
1034 387 1233 462 linguis
1259 388 1505 442 orienta-

115 477 282 547 libus,
314 497 491 551 quam
515 478 785 533 Graeciae
808 498 872 532 ac
897 478 1039 532 Latii
1063 478 1254 544 literiS,
1281 478 1506 549 impen-

115 567 277 637 derit,
311 569 546 642 propter
568 568 814 642 ,negotia
846 569 1003 623 varia
1034 569 1383 640 crebrasque
1414 566 1505 620 in·-

112 658 550 732 terpellationeS,
585 658 882 712 subseciva
910 669 1130 713 tantum
1162 671 1424 730 tempora
1452 667 1506 708 et

74 769 77 775 ⁴
113 764 315 819 operas
344 744 685 820 plerumque
725 747 1117 802 tumultuarias
1151 747 1284 803 huic
1319 747 1505 802 labori

111 833 303 889 dicare
347 835 583 890 licuerit.
686 835 909 890 Forsan
954 849 1010 890 et
1048 857 1164 892 non
1196 838 1504 893 immemo-

110 943 201 979 res
245 937 411 981 erunt
464 944 695 993 eorum,
754 944 901 998 quae
954 925 1156 998 Heyne
1205 927 1264 981 in
1316 925 1503 981 Praef.

108 1014 265 1089 Virg.
300 1034 436 1070 vere
472 1014 636 1068 dixit:
708 1015 879 1082 „Non
910 1015 1161 1071 minores
1197 1015 1501 1072 difficulta-

105 1115 187 1160 tes
221 1107 413 1180 ipsum
451 1118 722 1178 premunt
765 1105 1147 1179 interpretem.
1228 1105 1498 1178 Namque

105 1208 162 1252 e't
194 1198 312 1252 eius
346 1197 634 1269 ingenium
663 1193 880 1250 infinita
915 1211 1114 1249 rerum
1149 1195 1499 1250 111inutarum

107 1287 269 1362 copia
314 1307 379 1342 ac
430 1285 731 1342 subtilitate
781 1288 918 1356 (noc
968 1285 1155 1339 minus
1194 1302 1497 1357 compara-

105 1377 254 1432 tione
289 1388 371 1432 tot
401 1374 664 1431 codicum
691 1386 747 1429 et
777 1373 982 1428 Indicis
1021 1373 1237 1448 copiosi
1261 1373 1497 1428 concin-

103 1467 357 1539 natione)
404 1465 645 1521 obtundi
695 1465 1051 1537 obscuraque
1095 1483 1272 1538 opera
1311 1474 1366 1516 et
1398 1482 1494 1518 ar·-

100 1557 261 1629 gutiis
316 1556 678 1631 superiorum
732 1555 1109 1628 interpretum
1174 1553 1492 1620 obscurari,

102 1657 186 1713 et,
247 1645 385 1700 dum
420 1646 479 1699 in
516 1645 763 1699 aliorum
806 1663 977 1697 sensu
1011 1641 1271 1698 acuendo
1317 1641 1493 1697 desu-

100 1734 221 1801 dat,
282 1734 585 1806 proprium
642 1752 874 1787 sensum
924 1732 1092 1788 obrui
1133 1745 1188 1787 et
1231 1731 1492 1786 hebetari

97 1841 329 1879 necesse
365 1833 462 1876 est.
552 1821 712 1875 Dum
748 1820 1002 1892 undique
1037 1832 1092 1873 et
1126 1832 1241 1875 tam
1267 1820 1340 1874 ad
1371 1821 1489 1875 sin—

97 1913 227 1990 gula
246 1911 439 1978 verba,
459 1910 668 1984 quibus
693 1909 883 1982 aliqua
908 1908 1222 1977 difficultas,
1245 1908 1317 1964 ad
1344 1909 1489 1964 alio-

96 2024 230 2059 rum
276 1999 511 2075 quidem
558 1999 1009 2073 intelligentiam,
1075 1998 1495 2054 adhaerescere

97 2094 241 2149 forte
264 2091 457 2167 possit,
479 2110 656 2164 quam
677 2089 748 2144 ad
769 2090 1088 2157 innumera,
1115 2090 1184 2144 ab
1210 2090 1328 2144 aliis
1349 2109 1484 2163 pra-

94 2203 165 2238 ve
206 2193 462 2256 accepta,
503 2180 652 2235 male
699 2180 953 2254 exposita
991 2193 1088 2234 aut
1127 2181 1188 2234 in
1219 2179 1482 2234 tenebras

94 2273 368 2340 involuta,
395 2269 793 2326 circumfertur
827 2283 881 2324 et
902 2268 1212 2325 intenditur
1237 2270 1482 2337 animus,

97 2361 350 2435 dumque
372 2361 430 2415 in
451 2361 645 2415 Verbis
673 2359 974 2436 commode
999 2356 1343 2434 explicandis
1375 2357 1481 2417 de·-

95 2449 240 2506 fixus
273 2464 381 2522 est,
426 2452 605 2506 multa
633 2449 919 2505 interdum
951 2461 1261 2504 occurrunt
1286 2448 1476 2502 minus

97 2560 230 2596 cum
259 2561 321 2595 re
348 2542 665 2610 coniuncta,
689 2539 1009 2617 exciditque
1031 2538 1106 2609 id,
1133 2538 1290 2614 quod
1315 2537 1385 2593 ad
1404 2536 1475 2592 il·-
