1759 3029
287 186 366 230 144
631 184 686 224 D.
745 183 877 224 IVN.

933 182 1317 224 IVVENALIS

280 302 531 360 Paupertas
567 308 700 357 atque
736 304 849 344 aeris
879 304 1039 358 inops,
1083 315 1172 357 quo
1204 307 1339 342 nocte
1371 299 1532 354 dieque

282 371 463 428 Corpus
500 377 623 426 eget:
658 377 782 411 satur
818 377 899 421 est,
936 384 1078 424 quum
1110 371 1217 411 dicit
1241 367 1478 419 Horatius,
1513 364 1666 408 Euoe!

282 440 394 492 Quis
430 440 555 481 locus
582 442 791 494 ingenio,

854 441 941 479 nisi
977 452 1119 493 quum
1155 453 1199 479 se
1237 440 1435 479 carmine
1467 435 1566 476 solo

278 507 472 551 Vexant
505 516 549 550 et
583 508 777 549 dominis
815 504 1003 548 Cirrhae
1040 506 1282 561 Nysaeque
1318 505 1533 547 seruntur

278 576 471 619 Pectora
505 584 684 628 nostra,
731 576 838 616 duas
869 589 966 615 non
1000 575 1286 615 admittentia
1321 572 1484 615 curas?

1600 570 1665 616 65

278 646 474 702 Magnae
507 649 673 686 mentis
705 659 818 700 opus
856 658 938 683 nec
974 643 1027 683 de
1062 643 1206 683 lodice
1242 642 1444 697 paranda

278 712 554 767 Adtonitae,
597 727 758 755 currus
796 720 840 752 et
869 724 1006 764 equos
1042 708 1265 763 faciesque
1296 708 1504 750 Deorum

279 781 554 840 Adspicere,
599 788 644 822 et
676 780 821 836 qualis
857 777 1085 819 Rutulum
1129 775 1381 818 confundat
1414 775 1634 831 Erinnys.

277 852 399 894 Nam
439 855 476 892 si
511 847 712 905 Virgilio
748 863 864 904 puer
901 853 946 887 et
978 845 1215 888 tolerabile
1260 846 1432 887 deesset

277 919 571 976 Hospitium,
617 918 830 959 caderent
865 929 1021 956 omnes
1055 930 1079 954 a
1110 913 1309 955 crinibus
1346 913 1506 969 hydri:

278 989 426 1031 Surda
457 986 575 1027 nihil
597 993 798 1041 gemeret
819 998 953 1039 grave
973 982 1176 1023 buccina.

1601 924 1664 973 70

1246 980 1500 1032 Poscimus,
1530 987 1584 1022 ut
1606 983 1666 1022 sit

276 1056 389 1099 Non
422 1057 575 1096 minor
608 1058 796 1109 antiquo
832 1051 1075 1092 Rubrenus
1115 1049 1276 1107 Lappa
1309 1049 1554 1102 cothurno,

278 1123 418 1166 Cuius
455 1131 499 1164 et
541 1122 740 1165 alveolos
777 1128 822 1163 et
855 1120 1035 1161 laenam
1066 1121 1275 1175 pignerat
1309 1116 1495 1161 Atreus,

277 1193 389 1236 Non
416 1191 551 1233 habet
581 1189 749 1233 infelix
784 1189 1026 1240 Numitor,
1067 1187 1190 1242 quod
1225 1190 1379 1229 mittat
1415 1189 1583 1229 amico:

283 1368 391 1414 Paris.
402 1378 490 1410 quae
508 1365 641 1398 indocti
654 1365 807 1397 hominis
820 1374 945 1395 emen-

282 1424 378 1458 datio
400 1437 471 1457 esse
491 1423 640 1456 videtur.

327 1495 384 1527 62.
409 1494 462 1525 De
484 1503 558 1525 voc.
576 1491 678 1524 Euoe
696 1501 727 1523 v.
749 1490 890 1522 Excurs.
901 1489 946 1521 ad

279 1550 316 1587 h.
336 1553 361 1583 l.

327 1620 382 1653 64.
407 1618 525 1650 Nisae
540 1617 739 1661 Cyn-aeque
749 1614 802 1647 24.
855 1615 945 1658 (ἔγν-

273 1677 364 1712 ΤῘιαε
403 1679 439 1708 ἱ11
460 1676 636 1717 plerisque
669 1673 773 1706 codd.
803 1681 835 1704 et
864 1673 945 1706 edd.

280 1737 388 1768 etiam
424 1734 576 1764 Hennin.
610 1740 643 1762 et
689 1732 874 1776 Nisaeque
908 1733 943 1763 in

278 1791 493 1836 quibusdam
524 1790 664 1830 legitur.
721 1788 793 1820 Sed
825 1788 944 1833 Κίρῥα

280 1859 314 1883 et
338 1847 440 1881 ,Νῦσα
461 1847 637 1878 dicuntur.

327 1919 383 1952 55.
432 1917 592 1948 Pectora
626 1919 757 1946 nostra
790 1914 844 1953 (ut
874 1924 943 1947 nos

286 1987 364 2017 sup.
389 1986 420 2005 v.
438 1972 514 2015 48.)
537 1984 569 2015 7.
592 1983 644 2003 10.
669 1971 719 2003 14.
742 1972 793 2003 15.
816 1972 867 2003 16.
890 1983 941 2015 19·

275 2032 382 2072 252}
406 2042 424 2061 a
442 2041 490 2062 m.
510 2040 577 2061 sec.
598 2028 651 2060 25.
674 2027 728 2059 26.
745 2028 799 2059 45.
821 2028 940 2070 si9.fo.

278 2086 421 2131 54-69.
452 2085 593 2130 71-74.
632 2096 685 2128 77.
714 2092 748 2115 et
778 2085 939 2126 plerique

275 2143 384 2177 codd.
404 2143 510 2176 Paris.
539 2155 556 2175 e
583 2142 711 2183 quibus
734 2153 827 2173 nunc
850 2141 939 2172 hanc

273 2203 357 2235 lect.
377 2199 539 2233 substitui
564 2211 646 2231 cum
659 2197 745 2229 Ach.
767 2200 829 2230 etsi
848 2198 938 2230 bene

279 2261 387 2292 etiam
405 2257 509 2289 habet
527 2258 621 2298 vulg.
639 2261 762 2288 vestra
774 2279 785 2295 ‚
819 2263 855 2286 ut
874 2255 937 2287 lu—

273 2317 406 2349 venalis
427 2323 545 2358 poetas
556 2314 766 2354 alloquatur.
775 2331 820 2336 -
831 2324 938 2345 voces

273 2385 339 2418 pro
361 2384 469 2405 curas
489 2383 543 2416 27.
563 2371 618 2404 46.
640 2370 695 2413 47.
713 2368 767 2401 ³18.

322 2441 380 2475 68.
428 2438 623 2484 confimdit
656 2439 707 2471 15.
768 2436 938 2482 confudit

277 2513 290 2534 1
302 2513 329 2533 1.
353 2500 404 2532 16.
422 2517 466 2523 —
483 2495 646 2537 Erinnis‚
659 2494 796 2535 Erinis,
812 2495 935 2539 Eryn-

277 2558 336 2589 nis
355 2557 400 2588 al.
447 2553 519 2586 Sed
535 2550 688 2596 Ἐριννὺς
707 2550 846 2583 dicitur.

328 2626 383 2669 69.
415 2622 510 2655 desit
540 2632 590 2652 1ο.
622 2631 672 2652 11.
692 2620 816 2652 14-18
842 2633 860 2652 a
884 2631 933 2652 m.

273 2693 341 2715 sec.
368 2692 417 2725 ¹9·
438 2691 491 2713 2ο.
515 2689 570 2711 22.
589 2677 643 2710 23.
664 2678 720 2712 25.
741 2689 795 2720 27.
808 2677 933 2710 45-50.

271 2740 347 2771 54—
362 2738 415 2781 69.
447 2747 484 2781 71
500 2736 585 2781 -74,
617 2746 671 2779 77.
707 2742 742 2767 et
772 2735 933 2778 plerique

1004 1362 1107 1394 codd.
1131 1362 1235 1394 Paris.
1284 1361 1495 1394 Emendatio
1523 1358 1664 1393 schola-

1001 1421 1170 1451 sticorum
1187 1445 1195 1459 ,
1217 1428 1330 1451 metro
1350 1421 1565 1452 timentium.

1050 1488 1102 1520 70.
1125 1476 1263 1520 hydrae
1284 1488 1336 1520 77.

1050 1545 1103 1577 71.
1131 1533 1263 1565 bacina
1287 1545 1337 1576 17.
1359 1545 1411 1566 2ο.
1431 1543 1485 1564 21.
1504 1544 1557 1567 22.
1573 1544 1661 1574 quae

1001 1593 1171 1634 scriptura
1191 1592 1323 1622 rectior·
1339 1598 1406 1631 est,
1430 1589 1491 1621 sed
1512 1592 1547 1622 in
1568 1592 1663 1633 opti-

1002 1650 1069 1680 mis
1089 1647 1191 1679 codd.
1213 1658 1284 1678 non
1303 1649 1485 1689 reperitur.

1051 1716 1104 1750 72.
1128 1703 1276 1736 chbeas
1296 1705 1348 1737 16.
1396 1703 1586 1736 Rabienus
1607 1704 1663 1737 24.

1000 1761 1193 1794 Rabienus
1214 1762 1345 1804 Lappa
1368 1763 1457 1793 coni.
1477 1761 1661 1803 Dorleans,

1000 1828 1038 1851 ut
1061 1819 1262 1861 designetur
1280 1826 1382 1860 poeta
1408 1818 1573 1859 quidam,
1599 1821 1662 1861 qui

999 1884 1141 1919 propter
1183 1876 1442 1906 amarulentum
1477 1878 1662 1917 ingenium.

999 1932 1211 1974 Rabienus,
1246 1940 1279 1963 et
1295 1933 1426 1976 Lappa
1445 1932 1489 1963 ob
1510 1933 1658 1964 morda-

999 1991 1140 2021 citatem
1154 1990 1266 2021 dictus
1276 1991 1331 2021 sit.
1353 2009 1396 2015 —
1419 1989 1660 2034 Lapa46.47.

1045 2047 1098 2091 75.
1121 2045 1284 2078 albeolos
1303 2058 1335 2078 2.
1386 2045 1544 2078 albiolos
1568 2047 1599 2080 5.
1619 2048 1653 2081 5.

999 2104 1039 2137 14
1054 2122 1074 2128 -
1087 2104 1140 2135 25.
1169 2115 1223 2146 27.
1252 2103 1295 2134 45
1308 2102 1393 2145 -49,
1425 2103 1466 2135 54
1479 2121 1499 2127 -
1513 2103 1567 2136 66.
1601 2116 1658 2148 72.

997 2173 1051 2205 77.
1071 2168 1103 2192 et
1121 2159 1153 2191 X
1171 2159 1274 2192 codd.
1298 2157 1403 2190 Paris.
1449 2159 1547 2192 Illud
1564 2160 1655 2194 Val-

996 2220 1048 2260 la,
1082 2218 1148 2249 hoc
1179 2217 1415 2248 Mancinellus
1443 2225 1477 2248 et
1496 2217 1656 2251 Lubinus

994 2275 1198 2318 probarunt.
1246 2274 1312 2306 Ille
1336 2275 1582 2316 interpretatur
1601 2284 1658 2307 ta·-

994 2332 1095 2364 bulas
1126 2332 1290 2371 lusorias,
1343 2331 1378 2362 hi
1410 2342 1491 2362 vero
1519 2332 1655 2366 tabulas

994 2391 1209 2432 scriptoriam,
1245 2400 1368 2430 easque
1399 2387 1506 2420 albas
1536 2402 1562 2422 s.
1595 2390 1656 2422 al·-

994 2445 1094 2485 beas,
1121 2446 1156 2479 h.
1175 2458 1204 2478 e.
1225 2454 1392 2490 gypsatas.
1430 2444 1654 2479 Cs.Tu1—neb.

992 2503 1144 2534 Miscell.
1165 2503 1288 2544 XXIV,
1311 2514 1343 2535 α.
1398 2503 1526 2535 Neutra
1547 2505 1652 2536 lectio

992 2560 1183 2603 probanda,
1206 2569 1239 2594 et
1261 2569 1405 2602 utraque
1424 2568 1498 2591 orta
1517 2572 1557 2591 ex
1567 2562 1650 2593 vul-

992 2619 1064 2659 gari
1084 2619 1341 2660 permutatione
1361 2618 1542 2649 literarum
1565 2616 1601 2647 V
1616 2625 1651 2649 ct

990 2675 1035 2714 B,
1063 2675 1104 2706 de
1123 2687 1188 2717 qua
1209 2688 1239 2708 v.
1261 2675 1304 2707 ad
1324 2674 1388 2707 Sil.
1408 2674 1499 2715 VIII,
1519 2673 1596 2718 475.
1615 2681 1649 2706 ct

990 2734 1028 2768 54
1036 2732 1068 2767 5.
1088 2751 1132 2758 ..-
1148 2733 1334 2779 pignorac
1353 2743 1408 2777 27.
1427 2731 1483 2767 48.
