1759 3029
255 155 330 184 122
600 142 653 180 D.
711 139 843 183 IVN.

900 139 1275 183 IVVENALIS

251 255 559 299 Marmoribus
587 260 673 300 rivi
703 266 980 316 properant,
1016 267 1095 301 aut
1123 260 1213 301 lata
1246 258 1490 301 Falernum
1528 258 1624 303 450

252 324 401 367 Pelvis
437 326 554 366 olet:
598 341 703 367 nam
731 330 815 378 sic,
851 335 1081 382 tamquam
1112 329 1201 370 alta
1233 331 1282 369 in
1311 328 1431 371 dolia
1460 327 1627 383 longus

251 391 482 435 Deciderit
516 408 723 451 serpens,
757 395 869 436 bibit
904 403 948 437 et
984 400 1140 438 vomit.

1209 395 1332 452 Ergo
1369 398 1557 437 maritus

250 460 450 503 Nauseat
486 469 617 517 atque
649 463 790 505 oculis
825 463 962 505 bilem
995 464 1262 519 substringit
1294 467 1478 520 opertis.

353 529 440 572 Illa
461 538 611 571 tamen
630 535 824 587 gravior,
851 546 976 586 quac,
1007 546 1148 587 quum
1167 532 1444 574 discumbere
1464 533 1631 588 coepit,

251 595 431 640 Laudat
465 597 740 653 Virgilium,
783 603 1011 656 periturae
1047 603 1239 655 ignoscit
1270 599 1465 653 Elissae,

1531 599 1627 641 455

253 664 511 708 committit
541 675 662 709 vates
694 674 739 708 et
770 674 1027 723 comparat,
1068 668 1172 708 inde
1207 666 1449 708 Maronem

252 731 408 790 Atque
441 735 528 775 alia
558 742 687 791 parte
722 737 770 775 in
806 738 980 776 trutina
1015 736 1251 790 suspendit
1283 734 1554 776 Homerum.

249 801 433 844 Cedunt
466 805 769 858 grammatici,
805 805 1053 844 vincuntur
1085 802 1315 854 rhetores,
1352 805 1499 854 omnis

254 869 412 912 Turba
444 879 583 924 tacet3
620 886 702 913 nce
733 872 1003 922 causidicus,
1038 885 1121 912 nec
1159 885 1322 927 praeco
1367 871 1598 925 loquatur,

254 936 416 980 Altera
445 954 527 980 nec
557 939 745 981 mulier:
790 939 1036 982 verborum
1068 945 1194 979 tanta
1223 939 1342 980 eadit
1372 941 1461 991 vis,

255 1092 354 1134 (uam
372 1093 501 1124 'vinum
530 1092 690 1124 crucium
728 1090 916 1122 sumebant

253 1149 419 1189 Romani,
466 1150 493 1180 si
536 1150 707 1191 appetitus
743 1146 916 1179 excitandi

252 1216 352 1237 causa
387 1216 526 1236 vomere
557 1207 705 1245 vellent,
740 1203 835 1245 quod
861 1211 916 1233 et-

253 1262 325 1294 iam
349 1261 479 1293 Seneca
501 1271 591 1294 taxat
618 1261 720 1293 Cous.
752 1260 796 1292 ad
827 1260 917 1291 Hel-

254 1318 325 1350 vid.
350 1332 378 1351 c.
394 1319 445 1363 ῃ.)
494 1321 589 1351 Dum
608 1319 703 1350 redit
722 1323 758 1350 et
784 1323 918 1348 terram

253 1374 332 1408 luto
344 1376 440 1421 ferit
474 1376 672 1415 intestino,
704 1375 738 1405 h.
761 1385 791 1405 c.
819 1376 933 1412 ssavO‚'

254 1442 396 1477 propter
419 1434 547 1472 bilem,
585 1443 654 1474 quo
684 1442 787 1463 sensu
804 1429 918 1461 lutum

254 1490 383 1522 dicitur
412 1491 507 1531 Virg.
528 1490 605 1522 Ecl.
624 1489 683 1529 IV,
700 1489 755 1520 44.
787 1495 821 1518 et
851 1487 916 1517 Ti—

258 1546 349 1578 hull.
373 1546 399 1587 Ῐ,
421 1545 453 1587 8,
469 1547 525 1579 52.
545 1547 621 1589 (ubi
639 1545 708 1578 vid.
727 1542 916 1576 Broekhus.

259 1613 291 1636 er
311 1604 454 1647 Hcync.)

303 1659 380 1693 430.
406 1666 472 1691 aut
493 1660 573 1692 lala
597 1659 733 1690 restitui
752 1668 792 1690 ex
812 1670 842 1701 7.
865 1667 916 1689 1ο.

262 1725 312 1748 11.
328 1723 378 1749 14.
397 1718 448 1750 15».
475 1728 608 1762 17-21.
629 1717 671 1749 23
685 1725 772 1757 -27.
791 1713 915 1746 45-50.

258 1777 395 1821 Isi-69.
422 1786 459 1818 71
487 1794 507 1800 —-
526 1774 580 1818 74.
608 1771 663 1804 85.
691 1780 725 1804 et
750 1770 916 1802 omnibus

261 1840 334 1872 sere
357 1833 460 1866 codd.
484 1832 590 1865 Paris.
630 1834 696 1861 aut
722 1828 830 1861 lauta
864 1826 916 1859 16.

258 1901 302 1929 ut
324 1893 406 1926 lata
423 1901 478 1923 22.
526 1892 664 1920 aurata
697 1897 746 1917 12.
778 1897 832 1929 70.
851 1883 915 1927 75-

258 1964 313 1995 77.
329 1950 384 1982 82.
420 1946 490 1978 Sed
511 1947 556 1978 ita
577 1944 672 1975 deest
691 1944 816 1986 copula
834 1952 915 1972 ver-

259 2009 406 2045 borum,
447 2011 480 2034 et
507 2004 618 2046 aptior
648 2009 697 2032 est
720 2001 753 2032 h.
777 2001 800 2031 l.
820 1998 914 2037 lata,

259 2066 294 2098 h.
314 2076 342 2095 c.
362 2062 477 2104 ampla
490 2059 620 2104 pelvis,
646 2058 836 2090 vomitione
855 2067 915 2087 rc·-

261 2125 366 2167 pleta.
428 2115 619 2150 Heineckio
658 2123 776 2147 tamen
809 2114 914 2144 lectio

260 2185 398 2213 aurata
421 2177 531 2218 aptior
561 2173 698 2205 videtur
726 2179 760 2202 et
787 2171 841 2203 vel
870 2169 914 2200 ob

261 2241 373 2281 ipsam
391 2235 535 2276 copulae
558 2231 698 2272 ellipsin
726 2230 916 2260 restituen-

261 2295 318 2327 da.
359 2305 389 2325 v.
418 2290 460 2322 ad
485 2285 543 2327 IV,
571 2286 625 2319 63.
672 2284 801 2317 ablata
827 2285 919 2315 coni.

259 2351 428 2384 Schurzss.
460 2358 570 2389 quum
600 2347 719 2378 literae
751 2343 787 2376 V
819 2348 852 2371 et
885 2339 918 2370 Β

221 2447 223 2449 ¹
260 2409 460 2450 frequenter
491 2417 510 2437 a
540 2404 690 2436 librariis
712 2409 918 2445 permuten-

263 2474 338 2497 tur:
367 2462 463 2505 quod
480 2473 602 2494 -vereor
624 2469 663 2493 ut
683 2459 805 2491 multis
828 2459 918 2489 arri—

261 2521 361 2561 deat,
398 2522 479 2562 quia
502 2518 611 2551 modo
630 2529 696 2550 vox
718 2515 794 2548 loto
817 2526 920 2558 prae-

263 2579 375 2611 cessit.
402 2595 445 2603 -
471 2576 629 2609 Falerno
640 2573 766 2606 ‘Pelvis
780 2572 853 2605 olet
868 2583 920 2604 10.

268 2635 320 2667 18.
356 2646 406 2679 19.
437 2646 491 2678 27.
526 2631 668 2665 45-50.
696 2630 920 2674 54-57.60-

263 2691 319 2738 67.
339 2693 393 2726 85.
443 2691 602 2725 Verbum
630 2688 724 2722 olere
743 2697 778 2721 et
798 2696 920 2731 quarto

1532 937 1632 980 440

974 1098 1007 1122 et
1028 1099 1122 1123 sexto
1142 1092 1233 1123 casui
1256 1093 1426 1134 iungitur.
1457 1103 1488 1124 v.
1513 1091 1632 1124 Heius.

973 1146 1017 1178 ad
1039 1143 1142 1179 Ovid.
1161 1149 1224 1190 Ep.
1243 1150 1324 1181 Her.
1349 1148 1423 1189 XV,
1448 1147 1501 1192 76.

1018 1224 1096 1257 455.
1124 1227 1262 1269 apertis
1290 1225 1341 1258 15.
1360 1226 1413 1259 25.
1435 1225 1488 1259 24.

1018 1302 1096 1335 455.
1129 1303 1328 1349 Vergilium
1349 1301 1562 1337 60-62.=65.
1579 1313 1634 1347 71.

975 1370 1027 1403 72.
1052 1359 1104 1403 75.
1117 1360 1171 1393 85.
1219 1361 1271 1391 De
1293 1372 1359 1402 qua
1376 1362 1529 1393 nominis
1546 1361 1632 1392 scri-

972 1424 1074 1458 ptura
1097 1418 1256 1461 v.Heync
1276 1419 1312 1449 in
1332 1419 1398 1449 vita
1412 1417 1551 1459 Virgilii
1573 1427 1635 1459 per

974 1485 1081 1505 annos
1102 1474 1233 1515 digesta
1263 1487 1296 1517 p.
1316 1473 1525 1505 CLXXXIII
1552 1473 1636 1506 edit·

972 1541 1039 1562 sec.
1070 1548 1106 1555 —
1133 1531 1278 1562 Elissae
1308 1532 1424 1573 recepi
1444 1543 1484 1563 ex
1508 1541 1559 1562 10.
1583 1541 1636 1574 17.

977 1585 1028 1618 18.
1049 1597 1103 1618 21).
1122 1598 1175 1619 21.
1197 1599 1251 1620 22.
1274 1589 1327 1619 25.
1354 1598 1407 1630 27.
1428 1585 1482 1619 46.
1505 1588 1560 1632 47.
1577 1588 1634 1622 48.

973 1644 1027 1676 54.
1056 1642 1098 1676 56
1123 1663 1144 1671 -
1165 1645 1217 1677 (ιο.
1251 1643 1304 1676 64.
1336 1643 1390 1677 65.
1424 1652 1457 1675 et
1494 1647 1636 1688 optimis

974 1700 1076 1732 codd.
1114 1700 1221 1734 Paris.
1267 1701 1392 1734 Eli-sae
1426 1711 1478 1733 11.
1510 1713 1559 1735 12.
1581 1703 1634 1737 14.

976 1758 1027 1789 15.
1050 1756 1101 1789 16.
1123 1768 1173 1801 19.
1193 1758 1245 1790 25.
1271 1758 1324 1791 26.
1345 1758 1399 1802 43.
1429 1757 1483 1790 50.
1502 1758 1556 1792 55.
1577 1760 1632 1796 61.

973 1813 1026 1846 62.
1059 1813 1114 1847 65.
1143 1813 1282 1859 65-77.
1311 1815 1366 1848 82.
1413 1815 1549 1860 Εζγεαε
1575 1817 1630 1852 85.

972 1870 1126 1914 Elyssae
1166 1871 1220 1904 24.
1266 1871 1321 1904 45.
1391 1871 1462 1904 Sed
1499 1872 1632 1908 Graece

966 1926 1109 1960 ’Ἑλισσα
1128 1924 1275 1969 dicitur,
1307 1941 1453 1971 eamque
1480 1932 1634 1974 scriptu-

972 1997 1049 2017 ram
1070 1987 1195 2028 optimi
1217 1987 1426 2028 scriptorum
1451 1986 1551 2020 Rom.
1571 2001 1635 2020 co-

973 2042 1066 2074 dices
1084 2044 1291 2074 confirmant
1309 2051 1342 2074 et
1357 2044 1454 2085 origo
1468 2047 1632 2080 nominis.

971 2111 1002 2131 v.
1032 2099 1149 2130 Heius.
1180 2099 1223 2131 ad
1253 2099 1349 2141 Virg.
1371 2098 1456 2131 Aen.
1475 2100 1533 2142 IV,
1555 2102 1633 2135 535.

972 2155 1016 2187 ad
1049 2155 1151 2188 Ovid.
1178 2156 1242 2198 Ep.
1260 2157 1340 2203 Her.
1361 2155 1436 2196 VII,
1462 2167 1489 2189 1.
1522 2166 1555 2190 et
1589 2159 1632 2191 ad

973 2212 1156 2246 claudian.
1180 2211 1275 2245 laud.
1294 2212 1413 2244 seren.
1434 2225 1464 2245 v.
1487 2215 1561 2259 147.

1019 2289 1097 2333 457.
1122 2289 1199 2322 alia
1219 2301 1263 2321 ex
1278 2296 1387 2334 parte
1399 2301 1450 2324 11.
1466 2291 1515 2325 16.
1530 2293 1631 2336 prob.

975 2347 1143 2379 Schurzss.

1019 2436 1098 2470 438.
1123 2435 1284 2469 rhetores
1306 2446 1426 2469 omnes
1454 2448 1506 2471 10.

1021 2515 1099 2559 459.
1123 2514 1220 2546 iacet
1239 2525 1294 2547 21,
1314 2525 1369 2547 22.
1405 2532 1445 2540 -
1470 2513 1635 2560 loquetur

978 2572 1030 2606 14.
1049 2571 1100 2604 15.
1117 2582 1167 2615 17.
1187 2572 1236 2604 18.
1260 2584 1299 2616 ¹9
1321 2584 1339 2603 a
1357 2584 1406 2604 m.
1428 2583 1496 2605 sec.
1515 2582 1634 2604 2002]-

975 2628 1125 2673 46-49.‘
1146 2628 1200 2661 64.
1228 2638 1260 2662 et
1286 2629 1353 2662 ΧΠ
1392 2627 1496 2661 codd.
1525 2628 1634 2661 Paris.

976 2687 1116 2720 Rectius
1142 2686 1285 2731 forsan,
1308 2685 1396 2720 Aeh.
