1759 3029
397 164 631 207 PERSII
670 166 758 206 ET
796 165 1202 208 IVVENALIS
1379 176 1491 210 xcix

103 285 262 330 facere,
293 287 335 320 et
362 281 536 320 aliorum
564 281 919 319 observationibus
948 281 1059 319 infra
1092 283 1134 320 in
1172 284 1282 321 notis
1323 283 1490 324 adiectis

102 351 264 390 firmare
292 349 440 398 liceat,
469 363 522 386 ne
550 348 698 387 horum
728 349 877 386 scrinia
906 349 1142 401 compilasse
1167 349 1318 388 videar.
1376 352 1489 391 Haec

100 424 235 455 autem
261 423 378 464 sunt,
422 430 522 468 quae
547 416 617 454 ille
645 416 893 467 disputavit:

191 483 281 533 „Ab
312 484 502 522 instituto
533 497 624 522 meo
652 497 734 522 non
760 483 926 522 videtur
951 483 1149 532 alienum,
1173 485 1310 535 paucis
1346 500 1391 524 ea
1426 494 1489 526 at-

100 551 287 601 tingere,
317 565 419 602 quae
446 552 596 589 multos
625 565 765 601 graves
799 552 910 589 viros
938 552 1191 602 nimiumque
1227 552 1271 590 in
1299 553 1397 591 iocis
1420 569 1491 593 re-

96 618 262 669 ligiosos
306 633 328 657 a
351 619 559 657 Romanae
600 620 748 657 satirae
791 619 1025 656 auctoribus
1067 617 1246 667 legendis
1284 633 1365 657 non
1406 628 1490 662 tam

99 687 232 724 solent
274 685 507 734 deterrere,
547 700 667 737 quam
706 685 756 723 ad
796 699 864 723 eos
902 686 1107 723 iuventuti
1149 687 1491 728 commendandos

100 754 308 804 segniores
338 753 532 802 reddere;
557 751 594 774 ¹⁴
621 766 723 805 quae
752 761 893 791 contra
921 753 1130 791 interdum
1159 754 1243 791 sola
1266 754 1490 796 latinorum

98 827 315 873 poetarum
343 820 526 859 studium
555 819 781 858 delicatulis
827 826 870 858 et
904 820 1119 869 mollibus,
1163 834 1263 872 quos
1303 821 1491 873 philoso-

143 952 184 984 14
208 952 280 984 Hos
304 953 352 984 ita
373 951 537 983 refutavit
562 951 619 984 Fr.
646 950 760 984 Gottl.

93 1009 209 1043 Barth.
231 1011 269 1042 in
301 1010 450 1042 Praefat.
476 1008 519 1040 ad
544 1009 701 1052 Propert.
724 1022 759 1053 p.

94 1065 144 1100 VI
169 1077 242 1108 seq.

96 1123 380 1156 adolescentibus

290 1065 413 1106 „Serio
440 1065 626 1107 credimus,
654 1069 760 1099 etiam

439 1122 591 1155 lectione
643 1124 759 1156 libro—

94 1192 177 1214 rum
221 1182 326 1223 paulo
355 1181 519 1212 licentius
551 1182 763 1222 scriptorum

95 1238 134 1281 (a
176 1238 304 1280 quibus
338 1248 396 1269 eos
444 1237 571 1268 frustra
612 1240 762 1270 retinere

98 1296 287 1335 conamini,
313 1306 333 1326 o
361 1294 467 1326 boni!
492 1296 652 1326 nituntur
668 1297 763 1327 enim

96 1355 134 1387 in
167 1354 336 1386 vetitum)
373 1351 657 1383 interdicendum
691 1362 762 1383 non

97 1421 182 1443 esse.
230 1408 280 1441 Ac
312 1409 427 1451 primo
463 1408 608 1449 quidem
640 1409 762 1448 fateor,

96 1468 188 1502 mihi
215 1466 402 1509 quodlibet
425 1467 640 1507 antiquitatis
666 1467 764 1507 frag-

96 1533 271 1562 mentum,
302 1523 397 1565 quod
431 1535 449 1554 e
474 1525 657 1554 communi
679 1523 764 1554 lite—

96 1591 217 1614 rarum
240 1581 423 1621 naufragio
457 1588 631 1611 servatum
663 1587 697 1610 et
720 1578 764 1611 ad

96 1645 214 1670 nostra
238 1645 397 1678 tempora
417 1639 658 1668 transmissum
684 1637 763 1672 suit,

99 1693 339 1734 gratissimum
362 1695 530 1733 omnique
543 1694 766 1724 veneratione

571 1748 613 1780 Id
652 1751 679 1780 si
722 1751 767 1780 sit

100 1804 288 1846 eiusmodi,
319 1814 358 1836 ut
391 1807 427 1837 in
460 1805 565 1837 rebus
594 1804 766 1847 turpibus,

99 1869 273 1904 quantum
299 1869 470 1904 quantum
503 1871 573 1902 est,

102 1748 352 1790 dignissimum
393 1749 514 1781 videri.

612 1871 767 1894 versetur

98 1928 213 1959 neque
244 1925 422 1959 praeterea
454 1917 650 1960 quidquam
686 1919 766 1950 effi-

101 1976 171 2007 ciat
195 1973 305 2014 aliud,
334 1985 439 2016 quam
473 1977 650 2017 pruritum
675 1977 764 2008 libi-

100 2030 263 2075 dinis-ut
297 2032 422 2063 excitet
462 2030 619 2073 adeoque
664 2034 764 2064 iuve-

99 2100 187 2122 num
216 2090 342 2120 animis
376 2089 606 2120 certissimam
636 2101 699 2132 per
729 2101 765 2121 se

99 2154 234 2190 pestem
260 2146 392 2185 afferat,
416 2156 563 2177 manum
589 2157 659 2177 nou
683 2158 766 2179 ver—

100 2204 217 2242 terim,
252 2204 279 2234 si
310 2203 390 2243 quis
422 2201 598 2234 eiusmodi
633 2203 766 2235 librum

100 2258 285 2293 iuvenibus
311 2258 534 2301 eripiendum
559 2266 592 2291 et
614 2262 711 2301 quasi
732 2263 766 2293 vi

101 2316 384 2357 sinon-quendum
410 2316 540 2346 clamet
561 2329 601 2348 ac
622 2327 767 2359 perten-

102 2371 175 2404 dat.

101 2427 261 2462 busdam!
277 2429 385 2461 modo
417 2431 504 2461 locis
537 2431 639 2462 bonis
665 2433 767 2464 iuve-

224 2371 295 2409 Sed
320 2372 417 2405 idem
453 2374 481 2404 si
505 2373 595 2404 liber
621 2376 656 2405 iu
684 2377 768 2416 qui-

100 2492 192 2519 nu‘m
217 2486 376 2518 moribus
409 2488 549 2518 officere
582 2498 681 2530 posse
712 2490 768 2520 vi-

103 2541 246 2583 deatur,
302 2551 479 2587 praeterea
525 2555 606 2576 vero
654 2546 768 2591 multa

103 2600 291 2642 praeclara,
315 2601 476 2641 graviter,
500 2610 630 2640 ornate,
654 2614 767 2633 venu—

101 2663 224 2698 aeque
251 2655 344 2689 dicta
371 2659 567 2697 contineat,
601 2669 688 2700 quae
712 2660 767 2690 vel

103 2714 310 2746 ”verissimi
347 2712 497 2746 Catones
528 2715 664 2757 legant,
702 2727 766 2748 nae

816 954 970 985 maxime
1005 960 1040 984 et
1075 954 1194 985 iniurii
1230 953 1309 985 talis
1335 956 1370 986 in
1397 954 1483 988 libri

817 1010 973 1041 somnus
1015 1017 1216 1051 auctorem,
1255 1018 1289 1042 et
1320 1013 1489 1045 ius-enum

816 1066 1011 1098 rationibus
1035 1069 1188 1109 pessime
1214 1078 1275 1110 per
1302 1078 1366 1099 nos
1399 1080 1488 1100 cou-

816 1123 951 1154 sultum
985 1125 1093 1156 fuisse
1128 1125 1278 1165 quilibet
1313 1126 1488 1167 opinionis

820 1189 1093 1223 praeconceptae
1127 1183 1268 1214 viuculo
1302 1194 1371 1214 nou
1399 1194 1489 1215 con·

1319 1239 1390 1274 Sed
1433 1240 1489 1271 sac:

822 1293 928 1325 etiam
953 1295 1092 1326 iuvenes
1118 1297 1291 1328 eiusmodi
1315 1297 1391 1329 loca
1419 1296 1488 1328 ob*

821 1237 960 1268 strictus
999 1237 1181 1270 iudicaret.
1222 1259 1262 1262 —

820 1361 945 1382 scoena
972 1353 1102 1394 legere,
1132 1352 1215 1384 haec
1240 1366 1312 1385 non
1335 1357 1400 1385 erit
1418 1365 1487 1386 no-

820 1416 888 1439 stra
911 1409 1024 1451 culpa.
1072 1409 1194 1451 Neque
1222 1412 1317 1442 enim
1340 1418 1398 1442 aut
1424 1412 1489 1453 ipsi

821 1466 884 1496 illa
916 1467 1130 1508 scripsimus,
1173 1476 1231 1498 aut
1265 1476 1489 1498 commenta-

822 1522 957 1552 riorum
975 1522 1054 1553 luce
1070 1525 1364 1556 collustravimus.
1383 1525 1490 1556 Poeta

822 1580 930 1620 igitur
956 1582 1029 1621 ipse
1055 1593 1195 1612 causam
1219 1580 1312 1612 dicat
1331 1593 1429 1613 suam
1455 1589 1490 1613 et

823 1647 859 1666 se
884 1638 1013 1678 partim
1036 1638 1208 1678 religione
1243 1649 1323 1677 sua,
1359 1639 1489 1680 partim

822 1693 981 1724 moribus
1007 1696 1148 1733 saeculi,
1173 1705 1242 1735 quo
1258 1693 1404 1733 vivebat,
1422 1694 1489 1726 de·-

824 1749 958 1791 sendat3
1005 1750 1124 1790 nobis,
1171 1752 1230 1792 qui
1269 1752 1341 1782 eius
1376 1753 1491 1783 inter-

823 1816 1004 1849 pretamur
1028 1809 1165 1848 scripta,
1199 1806 1242 1837 de
1276 1818 1316 1837 eo
1342 1808 1490 1849 quidem

823 1875 895 1894 non
930 1865 1018 1896 adeo
1061 1862 1297 1894 laborandum
1339 1865 1492 1898 videtur.

823 1917 945 1962 Neque
976 1929 1094 1951 tamen
1121 1919 1233 1959 video,
1258 1919 1345 1961 quid
1370 1932 1491 1954 rerum

822 1978 976 2018 cognitio
1023 1979 1179 2020 turpium
1215 1978 1327 2020 probo
1371 1979 1490 2011 iuvent

821 2036 1028 2076 virtutisque
1062 2045 1162 2066 verae
1196 2037 1338 2074 amanti,
1377 2034 1491 2067 detri-

822 2092 935 2123 menti
968 2094 1075 2134 possit
1101 2094 1245 2132 affwre,
1283 2093 1489 2134 praesertim

824 2148 866 2180 ab
901 2148 1044 2181 homine
1080 2150 1225 2191 gentili,
1265 2161 1282 2179 a
1318 2150 1387 2180 veri
1422 2149 1489 2181 Dei

1397 2205 1487 2238 Nam

823 2264 918 2294 mala
944 2262 1090 2305 quidem
1126 2275 1236 2303 nosse,
1269 2275 1333 2294 nec
1369 2271 1488 2294 tamen

824 2206 924 2237 cultu
955 2207 1072 2237 alieno
1104 2205 1339 2249 percipienda.

825 2331 863 2350 ea
887 2320 1046 2362 probare,
1082 2331 1190 2361 usque
1212 2319 1299 2350 adeo
1323 2319 1489 2351 vitiosum

824 2385 883 2408 aut
906 2377 1237 2419 reprehendendum
1263 2387 1332 2407 non
1363 2383 1423 2413 est,
1450 2373 1491 2407 αἱ

824 2435 941 2475 potius
967 2436 994 2465 is
1033 2433 1179 2466 demum
1206 2444 1337 2465 nomeu
1364 2443 1402 2463 ac
1427 2431 1487 2462 di·-

824 2491 995 2531 gnitatem
1030 2491 1182 2522 hominis
1225 2491 1352 2521 virtute
1383 2497 1488 2532 prae-⁴

825 2545 888 2578 diti
913 2549 1082 2579 sustinere
1107 2550 1266 2588 tuerique
1283 2547 1369 2579 mihi
1388 2554 1487 2589 posse

822 2602 990 2643 videatur,
1017 2606 1076 2645 qui
1102 2613 1224 2636 cuncta
1257 2604 1351 2635 mala
1385 2609 1488 2643 atque

824 2660 1008 2693 illecebras
1041 2671 1167 2692 eornm
1203 2671 1325 2692 omues
1351 2666 1491 2702 cogno-'-

823 2717 881 2758 rit‚
912 2724 945 2746 et
971 2716 1083 2749 nihilo
1115 2725 1233 2750 tamen
1261 2718 1372 2750 secius
1394 2723 1489 2748 rect·

912 2776 990 2814 32
