1759 3029
558 91 643 129 AD
689 89 762 127 SA
779 91 829 128 T.
870 89 960 136 VH,
997 101 1056 131 12.
1435 87 1513 130 551

120 208 290 246 Erotica
319 222 351 245 c.
384 218 450 255 27.
488 205 723 243 Aleinohen
753 205 818 256 49.
854 205 1078 254 Alcynoem
1102 204 1168 242 24.
1210 203 1421 254 Aleynoen
1455 215 1515 240 10.

121 277 184 314 54.
211 276 274 313 64.
327 273 573 312 Alelzinoem
595 285 660 310 22.
721 272 956 309 Alchinoen
995 283 1054 319 17.
1079 284 1143 310 20.
1199 271 1427 309 ΛίίΙιίηοεηι
1449 282 1515 308 21.

121 364 170 371 —
205 329 379 381 Aleione
405 341 468 379 46.
503 343 722 379 Aleionem
749 342 808 379 18.
843 354 901 391 19.
956 340 1158 376 Aleionen
1190 340 1253 378 Go.
1305 340 1518 376 Altionem,

68 420 74 427 ”
125 422 184 449 12.
208 431 261 437 --
287 409 509 446 Aleillzeon
542 423 573 447 1.
598 411 660 458 75.
695 409 757 457 76.
786 407 895 445 unde
923 408 1132 457 suspicor,
1171 405 1211 444 h.
1239 408 1265 443 1.
1294 406 1518 444 Alcitlzoen

116 476 334 527 legendum
361 491 462 515 esse.
494 476 746 514 Schraderus
768 476 835 514 vel
866 476 1086 512 Aatonwm
1117 488 1138 511 e
1169 474 1242 520 VI,
1267 486 1328 522 72.
1346 474 1412 511 vel
1435 473 1514 510 Al-

117 544 293 582 cathoen
323 559 376 582 ex
403 545 526 583 Ovid.
557 546 659 582 Met.
687 545 760 591 IV,
796 557 827 581 1.
858 541 1180 580 substituendam
1213 543 1392 592 putabat.
1436 540 1518 578 Sed
1560 559 1563 573 ι

116 611 323 655 Alcithoe,
349 607 570 662 Ἀλκιθόη,
593 611 908 654 n011-·1¹l‹·atlzoe‚
928 605 1165 657 Ἀλκαθόη,
1182 609 1393 646 diceb-afui·
1423 623 1517 646 mu-

115 679 194 716 lier
224 678 430 728 Thebana,
462 695 563 732 quae
594 679 742 731 spretis
773 677 922 715 Bacchi
948 676 1087 728 Orgiis
1114 678 1157 714 in
1180 677 1519 727 vespertilionem

117 753 273 784 mutata
302 754 373 785 est.
402 763 440 785 v.
470 749 611 785 Heius.
639 747 688 783 ad
718 746 840 783 Ovid.
874 746 899 783 1.
930 746 956 783 l.
1000 769 1037 775 «ψ
1078 746 1301 782 Alcinoum
1334 746 1368 781 4.
1423 745 1517 781 Hoc

114 827 266 851 nomen
296 815 375 851 suit
405 815 709 866 Hippocoontis
738 813 836 860 filio,
866 813 915 850 de
948 827 1029 865 quo
1059 826 1097 850 v.
1129 811 1320 863 Apollod.
1345 811 1420 859 ΙΙΙ,
1455 824 1516 859 10,

115 881 151 919 5.
184 887 226 918 et
254 883 340 932 regi
365 881 606 929 Phaeacum,
648 881 866 919 notissimo
910 894 964 918 ex
1002 881 1126 918 Hom.
1173 880 1318 931 Odyss.
1357 880 1402 927 Z,
1439 891 1514 931 197

114 962 197 1000 seq.
227 950 282 996 H,
314 952 363 997 57
396 963 477 1001 seq.

224 1015 365 1053 Bac-hi
389 1029 453 1054 21.
479 1030 543 1054 22.
578 1019 713 1054 Pacci
761 1029 792 1054 1.
828 1015 938 1067 quod
976 1015 1085 1053 sorte
1115 1029 1199 1053 non
1226 1013 1515 1065 respuendum,

114 1090 156 1121 et
183 1097 205 1120 a
235 1085 353 1121 nobis
376 1082 486 1121 'nunc
516 1090 730 1135 receptum
759 1090 832 1121 est.
868 1086 1054 1121 Paccius
1088 1089 1128 1120 et
1157 1085 1339 1121 Faustus
1367 1083 1516 1120 viden-

113 1157 183 1189 1111·
212 1165 298 1189 esse
323 1152 489 1189 nomina
517 1158 746 1203 poetarum,
775 1157 816 1188 et
859 1152 1056 1201 Alcyone,
1086 1151 1247 1188 Thebae
1284 1164 1329 1187 ac
1367 1153 1516 1188 Tereus

114 1219 227 1256 tituli
257 1219 571 1269 tragoediarum,
599 1233 696 1270 quas
726 1219 788 1256 illi
823 1220 1038 1269 scripsere.
1088 1220 1274 1255 Paccius
1305 1225 1426 1269 poeta
1457 1220 1516 1256 sic

113 1300 196 1324 non
228 1287 308 1324 nisi
347 1285 386 1324 h.
418 1287 456 1333 1.,
487 1286 597 1337 quod
626 1287 762 1333 sciam,
800 1287 1114 1339 memoraretur,
1156 1291 1202 1321 ut
1246 1291 1286 1322 et
1315 1287 1513 1330 Faustus,

113 1355 192 1391 nisi
242 1353 309 1391 hic
353 1354 462 1391 idem
503 1360 577 1402 est,
625 1356 695 1405 qui
717 1354 1012 1405 perstringitur
1049 1367 1070 1389 a
1101 1354 1293 1390 Martiale
1340 1354 1417 1401 XI,
1450 1355 1514 1391 65.

115 1424 268 1459 Paccii
295 1428 431 1460 tamen
460 1422 527 1459 vel
558 1424 706 1460 Paccii
737 1428 779 1458 et
819 1423 1006 1458 Paveiae
1047 1422 1195 1472 passim
1222 1421 1442 1458 laudantur
1471 1423 1516 1459 111

113 1495 212 1526 antt.
244 1490 447 1539 lapidibus
480 1495 521 1525 et
550 1489 624 1526 ins.
656 1490 755 1534 ΧΠ,
785 1502 852 1539 99.
884 1487 970 1524 Cic.
1001 1488 1051 1524 ad
1080 1489 1176 1525 Div.
1213 1489 1288 1537 IV,
1327 1490 1386 1526 16.
1416 1491 1512 1527 Tac.

112 1556 221 1593 Hist.
249 1556 322 1603 IV,
354 1557 417 1593 41.
448 1563 486 1592 et
515 1555 621 1593 Ann.
651 1555 774 1601 XIII,
811 1555 871 1592 16.
894 1555 959 1593 56.
974 1556 1072 1603 XV,
1104 1568 1164 1592 12.
1192 1557 1371 1594 Martial.
1393 1558 1513 1605 XIV,

116 1625 179 1671 78.
208 1623 256 1660 aJ.
315 1621 480 1659 Bacchi
508 1636 689 1673 quoque,
730 1624 761 1659 si
793 1622 893 1659 haec
921 1622 1046 1659 lectio
1083 1637 1181 1660 vera
1208 1630 1280 1671 est,
1319 1638 1399 1662 non
1431 1626 1515 1663 Dei

111 1694 261 1728 nonien'
291 1703 378 1726 esse
409 1689 668 1737 crediderim,
701 1689 771 1726 sed
798 1695 944 1740 poetae
974 1691 1092 1727 nobis
1124 1691 1269 1740 ignoti,
1301 1693 1369 1742 qui
1400 1693 1514 1729 sorte
1540 1700 1564 1738 j

112 1770 197 1795 non
225 1756 432 1801 Bacchus,
465 1757 535 1794 sed
564 1758 776 1795 Bacchias
804 1756 1028 1805 dicebatur,
1059 1758 1169 1809 quod
1193 1772 1342 1796 nomen
1362 1761 1512 1810 passim

113 1825 308 1862 occurrit.
336 1838 374 1861 v.
404 1824 536 1861 Bentl.
570 1825 617 1861 ad
647 1825 792 1862 Horat.
824 1825 906 1860 Sat.
939 1825 970 1871 Ι,
1004 1837 1037 1873 7,
1065 1838 1130 1863 20.
1189 1828 1247 1862 At
1284 1827 1356 1863 vix
1390 1827 1514 1865 dubi-

111 1898 169 1939 to,
206 1893 302 1944 quin
339 1891 520 1928 librariis
559 1891 757 1930 debeatur
799 1890 877 1928 hoc
910 1906 1083 1940 nomen,
1121 1893 1232 1944 quod
1262 1894 1341 1931 11113
1372 1896 1510 1932 notius

113 1965 213 2006 erat,
245 1965 285 1995 et
309 1958 358 1994 ad
388 1960 537 2007 Deum,
567 1959 780 1997 Alc-[thoes
806 1960 1056 2010 punitorem,
1087 1961 1134 1997 ab
1169 1961 1312 1999 iisdem
1334 1964 1511 2001 relatum

113 2027 190 2063 sit:
220 2032 268 2062 ut
295 2025 394 2063 adeo
425 2032 547 2077 poeta
587 2028 799 2079 scripserit
835 2027 1056 2064 Alcithoen
1089 2030 1237 2066 Pacci.
1277 2030 1512 2082 Utrumque

112 2094 271 2144 recepit
310 2092 409 2130 Ach.
480 2094 626 2146 Neque
670 2101 807 2131 tamen
840 2107 1087 2146 magnopere
1116 2099 1444 2148 repugnaverim,
1476 2099 1510 2136 si

115 2161 204 2211 quis
232 2161 454 2210 Alcyonem
489 2176 518 2198 s.
550 2163 763 2211 Alcyonen
787 2162 855 2198 vel
881 2163 1088 2201 Alc-[noea
1126 2170 1297 2216 propter
1329 2166 1512 2203 auctori—

114 2234 239 2266 tatem
267 2228 471 2266 librorum
496 2229 677 2266 retinere
706 2229 833 2265 malit.
882 2229 1014 2268 Possis
1045 2232 1168 2269 etiam
1195 2233 1406 2282 suspicari,
1433 2247 1510 2284 pro

113 2295 280 2332 Baccho
310 2309 338 2332 s.
362 2296 548 2332 Bam-llio
587 2302 627 2332 et
659 2299 819 2334 Paccio
856 2298 1184 2336 substituendum
1219 2312 1304 2336 esse
1333 2300 1512 2338 Accium

114 2374 145 2397 s.
178 2361 353 2405 Auium,
399 2362 601 2413 insignem
634 2370 797 2415 poetam
827 2365 1051 2414 tragicum,
1093 2366 1163 2416 qui
1189 2366 1359 2404 Pacuvii
1388 2368 1511 2406 belli-

115 2440 194 2478 que
224 2426 466 2466 Numantini
496 2432 750 2482 temporibus
781 2434 910 2479 vixit3
949 2433 1018 2470 vel
1043 2434 1196 2485 potius,
1231 2434 1428 2473 suadente
1461 2435 1505 2474 C.

113 2494 293 2542 valesio,
323 2495 540 2543 legendum
567 2512 655 2536 esse
685 2501 826 2545 Bassi,
867 2506 916 2537 ut
945 2499 1182 2550 designetur
1219 2501 1376 2540 Saleius
1406 2503 1509 2541 Bas-

118 2573 195 2607 sus,
225 2559 274 2596 de
302 2574 381 2611 quo
401 2575 438 2599 v.
468 2564 541 2601 ins.
571 2566 621 2602 ad
650 2580 687 2604 v.
719 2568 783 2605 80.

229 2627 310 2665 Pro
354 2630 479 2667 Terea
522 2633 626 2670 male
659 2633 813 2671 Ther-ea
853 2635 918 2671 24.
959 2640 1001 2671 et
1035 2637 1181 2673 Tei-rea
1225 2649 1286 2688 19.
1317 2640 1383 2676 23.
1440 2639 1507 2676 De
