1759 3029
257 171 409 198 ezxxu
465 156 691 199 INDEX
728 156 1158 199 EDITIONVM
1198 159 1587 202 IVVENALIS

255 276 325 327 qui
356 281 437 311 tam
459 273 655 312 XXXVI
686 272 831 312 abhinc
867 274 982 311 annis
1016 286 1163 313 novam
1195 275 1399 314 Iuvenalis
1422 275 1644 315 editionem

252 343 418 394 publice
438 341 702 392 promiserat,
729 340 801 378 sed
823 354 943 378 omne
967 342 1047 379 iam
1068 340 1220 380 dudum
1238 343 1382 383 abiecit
1417 343 1642 380 consilium.
1696 350 1701 353 ⁴

253 408 319 446 De
345 410 429 446 eius
450 414 644 460 apparatu
663 408 806 446 critico
825 407 905 445 vid.
927 421 1013 459 sup.
1036 408 1079 445 in
1099 409 1239 447 Indice
1267 409 1394 447 Codd.
1411 411 1529 447 MSS.
1543 405 1641 448 XII.

254 475 561 523 CRAMER,
588 475 712 513 Ictus
745 475 1043 513 eruditissimus
1077 481 1118 512 et
1148 476 1260 514 Pros.
1295 477 1431 515 Kilon.
1471 478 1540 529 qui
1572 477 1646 514 diu

251 543 334 581 iam
355 545 398 581 in
420 543 612 581 Iuvenale
634 542 790 579 edendo
811 542 1023 580 laboravit.
1062 566 1097 572 -ε
1129 543 1287 583 Novam
1308 558 1417 582 nunc
1439 544 1645 583 Iuvenalis

254 610 477 649 editionem
500 610 749 648 meditantur
772 609 941 654 Gal-litt,
963 610 1078 647 Prof.
1096 617 1137 647 et
1149 611 1391 650 Dir.Iolian.
1406 612 1645 660 Hamburg.‚

253 676 501 725 Dr-Theol.,
540 678 762 725 Heinrich,
789 677 901 714 Pros.
926 676 1023 723 ΚίΙν
1055 678 1272 725 Heinecke,
1296 679 1448 716 Rector
1472 678 1646 715 scholae

254 746 509 796 Perleberg.‚
537 752 590 792 et,
621 744 729 796 quod
752 758 859 782 nunc.
881 744 1043 791 rescivi,
1070 745 1237 789 Mauso,
1265 745 1615 782 Profivratislav.

368 813 461 851 Alia
495 811 678 859 Inedita,
721 824 822 863 quae
857 812 907 848 ad
944 812 1179 850 Iuvenalem
1199 811 1485 850 illustrandum
1513 812 1645 863 perti-

254 888 378 929 nent,
423 886 537 918 sunt:
583 884 626 928 1)
668 879 982 917 Observationes
1019 880 1223 931 quaedam
1266 881 1377 917 Frid.
1412 880 1646 916 Brummeri

254 950 491 999 Lipsiensis
520 953 561 984 et
592 948 735 984 variae
758 947 949 984 lectiones
986 960 1004 983 e
1033 936 1146 983 codd.
1172 947 1381 984 Gudianis
1419 947 1647 997 adscriptae

255 1015 426 1065 margini
452 1014 641 1051 editionis
657 1013 970 1051 Schrevelianae
985 1041 996 1060 ‚
1028 1013 1136 1065 quod
1162 1014 1371 1064 exemplar
1391 1015 1488 1051 olim
1517 1013 1645 1051 habe-

256 1083 325 1120 bat
349 1083 560 1120 Fabricius
632 1084 680 1128 2)
708 1081 806 1117 lani
826 1082 997 1118 Dua-me
1017 1081 1309 1119 Preces-[danea
1324 1083 1369 1119 in
1393 1081 1643 1124 Iuvenalem)

257 1164 359 1202 quae
379 1150 451 1188 ubi
473 1150 635 1195 lateant,
661 1162 744 1186 non
766 1146 896 1185 habeo
920 1148 1069 1186 dicere.
1128 1148 1174 1197 3)
1202 1149 1316 1185 171·ἱεῖ-
1339 1150 1648 1196 Lina'enbrogrn·

255 1218 640 1263 adnotatzfmzeulae‚
673 1216 880 1268 dequibus
896 1230 932 1254 v.
956 1231 1042 1267 sup.
1059 1216 1108 1253 ad
1131 1216 1224 1254 edit.
1241 1215 1500 1265 Heidelberg.
1528 1217 1644 1266 1590.

256 1284 298 1337 4)
328 1287 460 1322 Hem.
499 1284 694 1322 Selzaevii
722 1284 1004 1334 paraphrasis
1033 1285 1197 1328 latina,
1248 1297 1367 1335 quam
1402 1283 1646 1333 vulgandam

253 1358 470 1404 receperat
501 1353 610 1389 Frid.
651 1351 887 1398 Redtelius‚
931 1351 1053 1388 Conr.
1083 1349 1255 1389 Scholae
1280 1352 1565 1401 Stettinensis3
1593 1352 1646 1390 de

256 1435 337 1473 quo
379 1434 416 1458 v.
464 1419 584 1457 Nova
611 1419 793 1456 literaria
826 1418 948 1456 maris
992 1417 1169 1455 Balthici
1203 1432 1237 1455 a.
1293 1431 1407 1465 1702.
1445 1433 1530 1470 pag.
1581 1421 1644 1468 73.

256 1491 307 1538 5)
335 1488 451 1526 Frid.
476 1487 682 1536 Rappolth·
705 1486 1013 1523 Praeleetiones
1045 1488 1092 1522 in
1123 1486 1360 1523 Iuvenalem
1379 1495 1416 1523 et
1437 1488 1645 1535 Persium,

257 1570 354 1607 quas
391 1553 654 1592 laudavitlo.
677 1553 782 1591 Sam.
814 1552 993 1591 Adamus
1024 1553 1069 1590 in
1089 1552 1221 1590 Praes.
1247 1552 1292 1589 ad
1317 1566 1438 1603 germ.
1468 1552 1645 1604 metaph.

254 1623 389 1661 Persii
416 1621 563 1660 Dresd.
606 1621 722 1669 1674.
746 1623 782 1659 8.
851 1621 897 1658 ssx
942 1620 1146 1658 Guntlzeri
1192 1621 1372 1657 IIenricz'
1423 1620 1647 1658 Platlzneri

256 1691 500 1728 Lectionum
534 1689 797 1725 Iuvenalium
829 1688 953 1725 Libra·
993 1689 1042 1725 V·
1065 1703 1098 1725 a.
1126 1687 1242 1735 1637.
1267 1688 1431 1738 scripti,
1462 1688 1532 1738 qui
1554 1702 1646 1725 ser-

253 1763 403 1795 vantur
439 1757 483 1794 in
516 1755 710 1794 Biblioth.
746 1754 937 1793 Gothana
968 1761 1008 1792 et
1040 1769 1061 1793 a
1095 1755 1208 1792 Viris
1256 1754 1339 1792 Cel.
1371 1755 1556 1792 Gcislero
1604 1761 1647 1793 et

254 1825 503 1874 Doeringio,
545 1838 645 1875 quae
674 1837 830 1861 summa
851 1837 994 1861 eorum
1014 1822 1300 1861 benevolentia
1330 1828 1413 1869 est,
1444 1836 1525 1859 una
1550 1836 1644 1860 cum

256 1892 415 1929 duobus
461 1891 576 1928 codd.
615 1890 734 1929 MSS.
769 1888 966 1928 Gothanis
1011 1889 1061 1926 ad
1108 1903 1172 1928 me
1217 1889 1330 1926 missi
1375 1894 1470 1924 sunt
1496 1917 1506 1935 ‚
1572 1887 1645 1926 sed

254 1971 500 2009 magnopere
558 1958 801 1995 fefellerunt
861 1970 972 2008 spem
1024 1970 1166 1993 meam.
1254 1955 1331 1993 Est
1381 1956 1491 1993 enim
1540 1969 1644 1994 ven-

253 2027 429 2066 triosum
462 2030 627 2076 quartae
662 2024 818 2062 formae
841 2024 1061 2068 volumen,
1093 2024 1135 2060 in
1158 2038 1236 2075 quo
1260 2023 1389 2061 multa
1407 2030 1502 2061 sunt
1523 2022 1644 2062 docta

255 2101 298 2131 et
339 2091 535 2145 quaedam
574 2091 732 2129 utiliter
765 2091 938 2138 monita,
987 2090 1059 2128 sed
1091 2091 1286 2142 pleraque
1326 2090 1393 2128 vel
1431 2089 1550 2138 salsa,
1576 2090 1645 2128 vel

253 2162 376 2200 nimis
415 2164 555 2210 arguta
593 2165 635 2196 et
656 2159 805 2206 aliena,
848 2171 961 2195 more
986 2158 1100 2195 istius
1137 2159 1222 2195 aevi
1249 2164 1289 2195 et
1310 2158 1358 2194 ad
1385 2157 1547 2195 modum
1571 2157 1644 2194 Pi-

253 2230 349 2268 tisci
369 2232 581 2277 congesta,
611 2239 712 2277 quae
737 2226 860 2274 magis
891 2225 940 2262 ad
964 2225 1222 2276 antiquitates
1242 2225 1442 2262 Romanas
1467 2224 1644 2262 Christi-

254 2309 431 2347 anasque
464 2291 722 2345 exponendas
757 2293 986 2343 pertinent,
1026 2307 1146 2344 quam
1186 2292 1235 2329 ad
1265 2292 1644 2342 interpretationem

253 2370 422 2416 poetae,
455 2361 540 2413 >qni
575 2373 700 2397 vanae
735 2366 893 2397 tantum
928 2359 1169 2397 eruditionis
1207 2358 1467 2397 ostentandae
1489 2372 1643 2409 expro-

254 2430 506 2481 mendaeque
541 2427 791 2466 occasionem
825 2427 1023 2478 praebuit.
1082 2427 1258 2465 Meliora
1290 2432 1330 2463 et
1356 2426 1531 2476 aptiora,
1560 2433 1642 2464 tam

256 2498 393 2537 critici
425 2510 543 2549 quam
575 2494 811 2547 philologici
835 2495 1084 2544 argumenti,
1112 2507 1195 2531 non
1221 2494 1307 2530 sine
1327 2507 1483 2530 summo
1506 2492 1642 2530 taedio

257 2565 468 2616 excerpsi:
498 2562 608 2601 unde
630 2560 905 2600 Platlmerum
927 2563 1074 2612 passim
1099 2575 1121 2597 a
1146 2560 1424 2601 melaudatum
1450 2560 1642 2610 reperies,

258 2631 468 2682 Quaedam
503 2644 556 2667 ex
586 2630 634 2666 iis
665 2630 745 2668 iam
777 2634 894 2666 antea
929 2628 1127 2666 benevole
1169 2641 1331 2667 mecum
1363 2627 1642 2665 communica-

258 2705 376 2739 verat
397 2699 436 2736 S.
450 2699 502 2735 V.
515 2697 704 2748 Augusti,
742 2709 852 2736 nunc
875 2694 987 2735 Pros.
1010 2695 1227 2735 Vratislav.
