1759 3029
207 210 378 238 LXXXVI

451 197 543 235 DE
586 197 724 240 SAT.
764 194 1043 237 LVCILII
1081 193 1384 236 HORATII

211 327 311 353 vcro
336 318 376 350 et
395 312 627 350 Domitiani
650 313 928 364 temporibus,
960 326 1084 364 quum
1124 312 1259 350 onmia
1295 323 1456 362 pessum
1480 309 1608 358 irent,-

213 382 396 432 vitisque
433 381 474 417 iu
511 381 722 431 praecipiti
764 381 843 417 iam
874 386 1029 418 starent
1059 386 1100 417 et
1146 380 1309 423 acribus
1343 385 1413 414 aut
1447 378 1604 415 violen-

215 450 267 485 tis
307 453 476 499 egerent
507 447 716 494 remedii-57
759 443 813 500 (v.
853 448 1035 485 Juvenal.
1064 448 1096 494 Ι,
1134 448 1186 485 45
1231 462 1312 498 seq.
1346 446 1396 483 65
1428 460 1508 496 seq.
1554 445 1607 493 73

215 530 296 566 seq.
341 517 413 560 147
452 529 534 567 seq.
567 516 619 562 ΙΙ,
642 514 695 554 25
729 528 810 566 seq.
848 527 918 553 121
960 529 1041 566 seq.
1071 515 1144 553 162
1177 529 1257 566 seq.
1287 514 1363 559 III,
1399 515 1478 551 150
1499 515 1608 564 seq.)

217 585 303 621 risu
345 597 488 634 parum
533 582 847 633 proficiebamr,
889 589 930 619 et
970 582 1089 633 probi
1119 582 1394 633 sapientisque
1427 579 1608 618 hominis

219 665 335 688 mens
378 652 600 701 angebatur
638 650 802 697 dolore,
845 651 913 700 qui
949 649 1021 686 diu
1063 649 1225 699 alteque
1257 663 1423 699 pressus
1457 648 1506 685 ad
1541 648 1611 685 in·-

221 719 496 769 dignationem
533 724 571 754 ct
614 719 716 754 iram
741 716 1043 753 exardescebat.
1101 715 1320 754 Praeterea
1350 716 1515 753 Horatii
1543 717 1614 755 in-

221 788 383 836 genium
434 785 824 833 elegantissimorum
864 783 1174 833 principumque
1209 783 1392 821 virorum
1433 783 1612 821 familia·-

219 855 342 891 ritate
380 854 590 890 subactum
637 857 677 888 et
708 850 758 888 ad
786 849 1035 888 hilaritatem
1077 850 1322 901 propensius
1356 856 1455 899 erat,
1495 864 1615 902 quam

223 921 273 957 ad
307 921 560 971 gravitatem.
620 919 734 956 Idem
770 932 932 970 quoque
957 918 1182 955 censoriam
1204 917 1315 955 sorte
1350 919 1614 956 acerbitatem

223 989 310 1040 ipse
346 986 660 1034 resormidabat3
691 992 731 1023 et
756 987 871 1024 vario
893 999 1030 1023 rerum
1067 998 1144 1021 usu
1176 985 1401 1037 intimaque
1445 993 1617 1025 naturae

223 1054 423 1092 humanae
467 1054 699 1105 cognitione
736 1055 917 1091 imbutus
954 1053 1177 1100 didicerat,
1211 1058 1300 1090 tum
1335 1052 1542 1090 erroribus
1575 1057 1619 1090 et

226 1122 350 1159 animi
388 1122 454 1158 vel
488 1121 659 1159 levitate
692 1121 759 1159 vel
792 1121 1033 1158 infirmitate
1067 1120 1206 1170 plura,
1247 1134 1366 1171 quam
1402 1121 1489 1157 eius
1519 1133 1620 1172 pra-

225 1190 380 1236 vitate,
420 1189 528 1238 gigni
569 1188 694 1235 vitia,
722 1195 811 1226 tum
846 1187 983 1225 facilia
1016 1186 1198 1225 remedia
1245 1201 1365 1239 saepe
1395 1188 1621 1226 salubriora

229 1270 315 1294 esse
341 1262 383 1292 et
407 1255 632 1293 efficaciora
652 1254 988 1302 vehementibus,
1025 1260 1113 1291 tum
1141 1255 1266 1292 satius
1305 1268 1412 1303 esse,
1441 1255 1620 1306 tempori

229 1324 387 1361 servire
425 1329 464 1360 et
502 1337 637 1360 mores
668 1322 884 1361 hominum
912 1321 1149 1360 humaniter
1177 1322 1463 1374 'patienterque
1496 1323 1622 1370 serre,

230 1405 351 1442 quam
382 1390 504 1428 nimis
537 1404 668 1427 acrem
694 1403 836 1427 eorum
866 1388 1235 1426 animadversorcm
1271 1389 1528 1440 iudicemque
1554 1403 1622 1426 se·-

230 1471 376 1496 verum
416 1471 525 1505 esse,
555 1463 597 1495 ct
648 1458 704 1495 sic
738 1458 873 1508 potius
909 1470 950 1493 se
986 1456 1143 1503 stultis,
1175 1470 1296 1508 quam
1327 1455 1401 1494 hos
1437 1457 1525 1494 aliis
1549 1456 1623 1493 de—

760 1524 843 1576 (Cs.
879 1524 928 1560 ei.
963 1524 1044 1559 Sat.
1086 1524 1129 1571 I,
1166 1537 1228 1572 10,
1257 1520 1445 1575 7—15.)
1506 1524 1624 1572 Quae

233 1607 360 1645 quum
406 1594 464 1630 ita
497 1598 661 1639 essent,
702 1592 899 1630 Horatius
943 1604 1027 1628 nou
1074 1597 1157 1628 tam
1204 1592 1306 1628 vitia
1346 1597 1485 1637 notat,
1520 1604 1624 1641 quae

230 1525 426 1564 ridvndos
469 1526 702 1577 propinare.

231 1660 396 1711 publice
443 1658 573 1696 adhuc
618 1660 934 1706 coercebantur,
979 1671 1097 1709 quam
1148 1658 1363 1695 stultitiam
1396 1664 1436 1695 et
1467 1670 1628 1694 errores

233 1726 454 1774 humanos,
483 1727 550 1778 qui
587 1728 728 1777 poeuis
749 1740 832 1763 non
855 1732 1060 1763 tenentur.
1119 1724 1265 1777 Neque
1297 1725 1340 1764 id
1369 1725 1626 1776 potissimum

235 1795 339 1844 agit,
381 1800 426 1831 ut
468 1793 703 1831 hominibus
742 1793 864 1830 huius
903 1794 992 1831 aevi
1032 1793 1098 1830 vel
1134 1794 1329 1830 ruborem
1364 1793 1523 1839 eliciat,
1563 1791 1629 1829 vel

234 1862 346 1900 vitae
372 1861 680 1912 officiorumque
705 1866 921 1911 praecepta
951 1860 1158 1897 subtiliter
1178 1859 1406 1909 graviterve
1437 1858 1628 1905 inculcet,

239 1942 359 1981 quam
394 1934 440 1966 ut
471 1942 539 1965 eos
574 1928 694 1974 scita,
724 1934 896 1965 venusta
926 1941 971 1964 ac
1006 1926 1179 1964 iucunda
1208 1927 1366 1964 ratione
1402 1926 1629 1972 convincat,

236 1998 348 2047 ipsos
369 2009 452 2032 non
474 1996 574 2032 tales
608 2008 715 2042 esse,
745 1995 882 2045 quales
903 1994 1037 2032 videri
1074 1994 1263 2044 cupiant,
1302 2008 1436 2045 neque
1455 1993 1531 2041 iis,
1559 1992 1633 2044 qui

238 2064 419 2114 sapiant,
449 2063 661 2114 imponere
687 2075 805 2113 posse
843 2062 910 2098 vel
944 2061 1131 2099 fraudem
1167 2061 1317 2102 facere.
1338 2058 1354 2081 ⁵
1373 2061 1483 2098 Hinc
1508 2060 1632 2098 etiam

241 2131 389 2181 stultos
418 2131 508 2168 sere
544 2135 585 2167 et
604 2129 767 2181 ineptos
802 2127 1018 2173 homines,
1048 2128 1164 2166 velut
1195 2129 1307 2167 aliud
1336 2142 1478 2179 agens,
1508 2126 1634 2176 ridet,

291 2263 310 2296 5
338 2264 457 2305 „Vitia
479 2263 648 2296 immania
663 2270 783 2293 notare
807 2273 912 2293 suum

243 2331 317 2353 non
349 2328 443 2360 erat,
487 2318 548 2352 sed
574 2319 836 2363 philosophiam
860 2320 911 2350 il·-

245 2378 342 2417 lam,
376 2387 482 2418 quam
515 2389 586 2409 uon
621 2376 807 2408 doctorum
832 2375 911 2408 sor—

245 2433 367 2474 mulis,
401 2433 462 2465 sed
485 2435 599 2466 multa
626 2444 746 2466 rerum
771 2434 911 2476 experi-

247 2491 340 2522 entia
366 2490 434 2522 sibi
461 2498 729 2533 comparaverat,
763 2498 798 2521 et
822 2500 909 2531 quae

246 2549 284 2581 in
320 2546 484 2578 omnibus
519 2549 608 2579 vitae
642 2547 798 2590 partibus
831 2548 912 2590 plus

250 2605 413 2637 utilitatis
447 2603 574 2644 hahet,
610 2616 720 2646 quam
752 2605 915 2636 omnium

247 2661 541 2706 Philosophorum
566 2663 703 2703 scrinia,
730 2672 812 2693 cum
837 2661 914 2692 aliis

246 2719 360 2752 voluit
393 2719 680 2761 communicare,
711 2727 916 2763 praecepta—

970 2272 1036 2303 que
1061 2273 1122 2293 sua
1145 2262 1180 2293 in
1196 2261 1383 2293 homiuum
1400 2261 1536 2292 animos
1551 2271 1633 2291 cum

970 2330 1095 2352 eorum
1130 2320 1308 2361 voluptate
1334 2316 1519 2349 iuducere:
1567 2327 1634 2347 vo·-

968 2375 1036 2409 luit
1075 2375 1220 2416 docere,
1269 2376 1454 2413 instruere,
1489 2384 1633 2413 errores,

969 2431 1096 2471 quibus
1111 2434 1217 2464 animi
1231 2433 1525 2475 opprimerentur,
1535 2429 1634 2460 evel-

968 2487 1053 2528 lere,
1099 2491 1279 2531 opiniones
1320 2488 1508 2520 homiuum
1550 2498 1636 2529 pra·
1658 2484 1662 2486 ’

971 2557 1027 2578 vas
1059 2554 1092 2578 et
1132 2555 1277 2588 temere,
1305 2553 1461 2588 acceptas
1492 2542 1635 2582 tollere,

972 2611 1030 2636 aut
1057 2603 1243 2635 emendare
1265 2606 1451 2640 rationem,
1475 2611 1542 2642 qua
1568 2609 1637 2641 op-

972 2662 1071 2700 time,
1095 2672 1226 2699 secure,
1253 2659 1458 2701 tranquille,
1492 2657 1635 2688 honeste

974 2725 1008 2748 et
1042 2728 1122 2749 cum
1158 2717 1334 2760 voluptate
1378 2717 1488 2748 vivere
1513 2714 1635 2757 possis,
