1759 3029
354 179 807 221 ARGVMENTA
845 169 1270 225 SATIRAR'VM
1356 195 1506 222 cxxxv

133 520 546 579 DIVISIO
629 522 758 577 ET
830 522 1490 586 ARGVMENTA

320 619 792 701 SATIRARVM
850 656 1289 702 IVVENALIS.

102 797 322 865 Iuvenalis
363 826 518 864 satirae
554 826 732 865 sedecim
765 827 808 864 -in
844 827 984 865 multis
1017 828 1248 875 codicibus,
1284 835 1368 868 tam
1397 832 1505 869 scri-

103 895 189 947 ptis
222 907 342 945 quam
375 894 519 951 editis,
553 908 591 932 v.
617 909 649 932 c.
679 895 719 932 in
745 897 780 932 4.
816 908 876 946 ¹9·
905 895 968 933 26.
997 896 1062 933 45.
1089 895 1153 932 46.
1177 897 1243 947 49.
1263 897 1327 934 55.
1350 898 1415 950 59.
1437 910 1503 947 70.

104 962 170 1011 74.
202 961 291 1011 75.‚
331 960 639 1001 distribuuntur
672 964 713 1000 in
752 964 931 1015 quinque
962 962 1113 1012 libros,
1145 976 1321 1014 quorum
1343 965 1503 1016 primus

104 1028 283 1081 quinque
295 1029 468 1080 prioreS‚
497 1029 699 1067 secun-'lus
717 1036 886 1078 sextam,
911 1031 1060 1068 tertius
1083 1031 1173 1070 VlI.
1199 1031 1315 1070 VIII.
1336 1039 1378 1069 et
1397 1033 1474 1071 IX.
1488 1062 1500 1081 ,

102 1102 270 1148 quartus
311 1096 366 1134 X.
403 1096 479 1134 XI.
505 1102 546 1134 et
573 1096 685 1146 XII„
717 1099 881 1149 quintus
908 1105 991 1135 tres
1017 1099 1181 1136 ultimas
1197 1099 1500 1150 complectitur.

100 1163 161 1202 Hi
190 1164 290 1201 libri
325 1163 544 1202 laudantur
577 1166 657 1203 iam
678 1180 700 1203 a
726 1166 935 1203 Prisciano
963 1173 1003 1202 et
1026 1181 1047 1204 a
1072 1173 1153 1203 vet.
1179 1165 1314 1204 Schol.
1340 1167 1389 1205 ad
1415 1168 1501 1207 San

98 1232 189 1275 III,
227 1233 320 1270 240.
378 1232 488 1270 Hinc
523 1231 768 1271 divisionem
803 1231 908 1270 hanc
941 1234 1116 1281 retinui,
1145 1234 1221 1271 etsi
1237 1247 1381 1284 parum
1406 1241 1501 1286 apta

100 1305 182 1348 est,
221 1300 336 1348 (nam
367 1300 556 1352 plerique
591 1301 688 1338 libri
723 1314 805 1338 non
832 1302 909 1338 nisi
938 1308 1018 1339 tres
1039 1302 1204 1349 satiras,
1230 1308 1271 1338 et
1291 1302 1498 1340 secundus

97 1367 199 1405 adeo
224 1381 346 1406 unam
372 1374 534 1406 tantum
553 1369 761 1416 continet)
783 1375 822 1406 et
844 1370 967 1418 magis
990 1367 1040 1406 ad
1065 1368 1296 1419 eclogarum
1313 1368 1500 1420 longitu-

97 1433 259 1483 dinem,
287 1449 408 1487 quam
433 1443 715 1486 argumentum
733 1435 1043 1473 accommodata.

210 1501 277 1540 Dc
301 1502 466 1549 ordine,
496 1517 575 1554 quo
606 1505 728 1554 vulgo
758 1504 913 1540 Satn-ac
938 1502 1142 1540 Iuvenalis
1172 1503 1425 1542 collocantur
1451 1506 1497 1544 iu

98 1567 238 1617 libris,
279 1569 378 1607 haec
413 1569 636 1621 disputavit
670 1569 873 1608 Heinrich
906 1572 947 1607 {n
979 1585 1058 1608 sec.
1095 1578 1350 1608 commentat.
1388 1586 1427 1623 p.
1457 1574 1494 1610 8.

99 1634 358 1684 „Iuvenalem
383 1637 556 1682 satiras,
585 1652 682 1688 quas
707 1639 890 1688 legimus,
920 1637 1091 1674 diversis
1117 1638 1366 1688 temporibus
1390 1640 1497 1676 scri-

99 1704 250 1755 psisse,
287 1710 445 1754 partem
475 1706 549 1741 sub
576 1706 809 1743 Domitiano
843 1705 1130 1755 compositam,
1166 1706 1262 1742 alias
1286 1708 1360 1744 sub
1385 1707 1494 1745 Tra-

98 1771 217 1819 iano,
258 1771 447 1822 quasdam
479 1773 552 1809 sub
584 1772 794 1809 Hadriano
825 1772 970 1819 fueras,
1006 1771 1078 1808 sed
1123 1786 1262 1810 omncs
1292 1773 1493 1813 Hadriani

99 1843 231 1874 aetate
259 1839 449 1876 recitatas
487 1846 527 1876 et
562 1841 810 1890 publicatas,
838 1839 881 1876 id
907 1843 1005 1877 vero
1029 1840 1109 1877 iam
1134 1840 1295 1891 pridem
1318 1841 1495 1879 demon-—

97 1906 244 1943 stravit
274 1906 515 1954 Salmasius,
556 1909 611 1958 (v.
644 1907 748 1944 Plin.
786 1905 1030 1944 Exercitatt.
1057 1921 1097 1958 p.
1122 1907 1215 1944 321.
1245 1908 1314 1957 C.)
1342 1909 1387 1947 in
1404 1924 1494 1962 ,quo

96 1972 196 2024 quid
218 1973 504 2024 corrigendum
531 1972 677 2013 habeat
702 1974 956 2012 fastidiosior
978 1972 1178 2022 criticus,
1205 1975 1335 2014 Henr.
1369 1977 1494 2015 Dod-

95 2040 241 2078 wcllus
264 2041 412 2079 Annal.
437 2041 613 2091 Quintil.
640 2039 677 2094 §.
708 2044 773 2080 40.
796 2032 1010 2079 edsOxon.
1035 2056 1073 2093 p.
1104 2042 1214 2091 162,
1244 2044 1388 2082 videre
1407 2059 1495 2084 non

94 2106 217 2146 facile
239 2115 319 2157 est,
349 2122 475 2161 quum
496 2111 583 2161 ipse
607 2109 710 2148 nihil
733 2109 845 2147 aliud
868 2109 986 2147 dicat.
1046 2109 1179 2147 Satira
1199 2112 1375 2150 secunda
1397 2125 1492 2152 cum

94 2180 182 2213 tota
211 2176 369 2213 reserat
402 2182 608 2228 tempora,
649 2179 761 2226 sive,
803 2184 850 2214 ut
873 2191 981 2215 novo
1008 2176 1129 2216 modo
1154 2177 1386 2230 loquimur,
1413 2194 1493 2231 ge-

95 2244 214 2280 nium
226 2243 386 2280 saeculi
407 2244 656 2293 Domitiani,
682 2251 767 2283 tum
781 2251 850 2283 aut
872 2246 1022 2296 scripta
1043 2252 1106 2283 cst
1117 2244 1248 2284 adhuc
1268 2247 1491 2297 imperium

93 2314 261 2359 tenente
295 2309 558 2360 Domitiano,
599 2320 641 2350 et
667 2314 826 2351 interea
854 2313 1015 2351 scriniis
1046 2319 1230 2361 retenta3
1262 2320 1331 2350 aut
1349 2316 1496 2354 statim·

90 2381 187 2428 post
207 2376 371 2415 caedem
392 2380 580 2429 tyranni:
609 2386 653 2417 ut
676 2387 835 2418 certum
865 2380 1078 2430 videatur,
1114 2381 1364 2426 Satirarum,
1390 2396 1490 2434 quas

95 2442 260 2495 quidem
281 2443 408 2483 edidit
427 2446 654 2496 Iuvenajis,
685 2463 770 2486 eam
793 2456 976 2500 tempore
998 2451 1173 2499 primam
1195 2449 1378 2487 omnium
1401 2463 1488 2489 esse

91 2507 331 2549 habendam.
392 2512 514 2550 Certe
537 2515 658 2554 etiam
673 2523 817 2568 quarta
841 2521 934 2566 post
960 2516 1113 2565 scripta
1137 2521 1225 2560 est,
1255 2530 1486 2569 quanquam

89 2576 272 2616 secundo
298 2578 346 2616 ab
368 2580 438 2617 illa
461 2581 551 2619 loco
572 2582 782 2633 ponenda,
818 2584 852 2620 si
879 2583 1102 2620 Satirarum
1128 2587 1313 2636 tempora
1336 2597 1487 2622 nume-

89 2651 247 2686 rantur.
279 2666 334 2673 -—
362 2646 489 2685 Aliud
511 2648 588 2688 hoc
615 2657 697 2698 est,
727 2665 845 2702 quam
869 2650 903 2686 si
925 2649 1133 2700 vulgarem
1173 2651 1359 2690 ordinem
1382 2652 1486 2691 velis

85 2717 303 2754 mutatum.
371 2714 458 2755 Iam
491 2714 563 2756 diu
596 2716 867 2757 vehementer
897 2722 960 2757 est
992 2716 1241 2770 laboratum,
1271 2726 1316 2759 ut
1337 2717 1485 2758 thecae
