1759 3029
418 220 837 264 EDITIONVM
876 221 1268 266 IVVENALIS
1393 236 1534 268 chiu

146 345 188 377 et
210 336 478 390 Paraphrases
512 337 656 375 Ceruti
681 339 869 377 Veronae
907 339 1024 390 1597.
1056 339 1195 378 Pratei
1241 342 1371 380 Paris.
1409 340 1526 382 1684.

140 406 416 458 aliorumque,
475 419 576 458 quae
610 408 801 453 omnino,
843 406 877 443 si
910 407 1055 444 breves
1094 415 1209 456 sunt,
1239 409 1289 447 ad
1320 411 1528 462 interpre—

139 474 336 512 tationem
369 473 475 511 nihil
504 473 660 511 faciunt
671 503 681 521 ‚
720 474 940 524 praecipue
978 476 1017 512 in
1057 476 1189 526 poetis
1233 478 1424 526 satiricis,
1455 481 1527 532 qui

136 554 258 592 prosa
289 541 377 579 sere
414 542 598 579 oratione
633 548 823 589 utuntur,
853 542 887 578 si
920 543 1105 594 copiosae
1126 556 1171 580 ac
1208 544 1413 594 prolixae,
1445 562 1527 586 non

136 608 223 645 sinc
263 623 419 647 summo
446 609 580 646 taedio
612 609 692 659 legi
728 614 907 659 possunt.
973 609 1268 648 Adnotationes
1299 611 1528 662 Pulinanni,

133 675 322 725 Pithoei,
352 676 541 725 Rigaltii,
570 676 867 725 Almeluvenii,
909 677 1110 715 Henninii
1144 678 1399 730 aliorumq-Je
1439 682 1528 720 sive

133 743 193 781 ad·
229 758 318 782 rem
358 745 618 796 potissimum
661 749 846 794 spectant
890 744 1095 793 criticam,
1133 745 1221 785 sive
1269 749 1341 784 uni
1368 754 1529 788 tantum

133 811 336 864 alterique
373 812 464 850 loco
493 812 629 851 lucem
658 811 844 849 afferunt.

247 879 420 917 Saeculo
463 878 593 918 XVII
641 880 739 917 novi
786 878 948 930 quidem
986 879 1141 930 vulgati
1179 887 1274 918 sunt
1314 882 1528 918 Commen-

132 948 241 985 tarii'
273 946 456 996 Lubini,
494 947 717 995 Autumni,
758 947 971 996 Farnabii,
1002 947 1226 999 Grangaei,
1257 949 1424 996 Pratei,
1453 949 1527 987 Iu:-

130 1015 292 1054 vencii:
327 1014 399 1052 sed
430 1015 552 1066 longe
583 1016 763 1054 maxima
793 1029 937 1054 eorum
972 1029 1064 1066 pars
1102 1016 1167 1054 vel
1194 1030 1247 1054 ex
1280 1017 1528 1068 antiquiori-

132 1082 232 1130 bus,
258 1083 303 1120 in
342 1082 485 1134 primis
518 1083 767 1132 Britannici,
802 1082 1016 1134 depromta
1046 1091 1125 1131 est,
1166 1085 1234 1122 vel
1280 1086 1403 1136 magis
1449 1084 1528 1122 do·-

132 1149 240 1188 ctam
284 1150 422 1201 prodit
454 1150 741 1199 subtilitatem,
780 1165 900 1202 quam
930 1151 1073 1189 iudicii
1102 1165 1325 1204 sensusque
1364 1152 1529 1202 elegan-

128 1218 238 1256 tiam?
299 1217 550 1257 Intellexere
584 1218 726 1269 utique
760 1219 843 1256 viri
886 1219 1018 1265 docti,
1056 1219 1107 1256 ad
1151 1218 1355 1257 Iuvenalis
1395 1219 1527 1257 inter-

127 1287 401 1338 pretationem
453 1298 541 1323 non
585 1285 770 1323 sufficere
809 1289 929 1324 unius
977 1287 1197 1325 alteriusve
1229 1287 1310 1325 loci
1344 1288 1528 1338 explica·-

130 1353 312 1402 tionem,
357 1353 428 1391 sed
475 1360 696 1405 perpetuos
737 1355 894 1405 requiri
942 1355 1276 1397 coi1nncntariOS‚
1317 1354 1385 1405 qui
1423 1353 1529 1393 nihil

125 1421 410 1473 relinquerent
435 1421 701 1458 obscm'itatis.
761 1421 891 1458 Iidem
924 1435 1023 1459 vero
1065 1435 1281 1473 perperam
1314 1421 1391 1459 sibi
1427 1435 1528 1473 per-

125 1489 297 1526 suasisse
331 1487 548 1537 videntur,
576 1502 618 1526 se
642 1488 946 1539 compendiaria
982 1489 1048 1526 via
1084 1503 1156 1537 eo,
1194 1503 1275 1541 quo
1296 1487 1528 1546 tenderent,

125 1555 345 1607 pervenire
391 1570 531 1607 posse,
578 1556 612 1593 si
649 1569 734 1592 non
778 1569 896 1592 suum
936 1556 1178 1593 adhiberent
1202 1556 1424 1603 iudicium,
1454 1554 1527 1593 sed

127 1624 305 1661 alienum
337 1623 427 1661 sere
457 1629 751 1674 sequerentur,
809 1637 941 1674 neque
973 1624 1052 1674 ipsi
1100 1623 1318 1674 diligenter
1346 1624 1528 1661 circum—

125 1691 354 1742 spicerent,
380 1704 482 1741 quae
515 1690 721 1740 explicare
761 1696 802 1726 et
836 1704 1005 1728 monere
1039 1703 1140 1740 opus
1174 1697 1329 1737 essent,
1364 1689 1437 1728 sed
1458 1704 1527 1727 se·-

125 1759 250 1798 lectas
286 1771 338 1795 ex
370 1758 458 1794 aliis
492 1757 788 1808 interpretibus
820 1762 937 1794 notas
989 1757 1159 1807 singulis
1205 1757 1396 1804 vocibus,
1428 1770 1527 1795 sen-

123 1826 264 1865 tentiis
308 1825 489 1876 locisque
534 1824 824 1874 adspergcrent
919 1823 1012 1873 Qua
1061 1827 1219 1862 ratione
1265 1825 1341 1862 etsi
1379 1837 1528 1875 parum

123 1892 363 1946 proficitur,
390 1892 470 1929 nisi
500 1896 590 1928 tum
619 1891 668 1928 ab
700 1891 788 1927 aliis
825 1891 904 1928 iam
929 1892 1064 1928 onmia
1087 1893 1181 1929 satis
1212 1891 1413 1928 illustrata
1429 1897 1528 1931 sunt

123 1960 310 2012 nihilque
343 1959 614 2011 praeteritum
651 1963 733 2005 est,
765 1957 875 2008 quod
906 1958 998 1995 luce
1036 1958 1171 2010 aliqua
1205 1958 1409 2010 indigeat,
1436 1964 1526 1997 tum

125 2028 330 2080 aptissima
371 2031 530 2064 tantum
575 2031 616 2062 ct
661 2026 807 2063 ceteris
862 2026 1138 2076 probabiliora
1182 2026 1355 2065 solerter
1384 2026 1521 2064 exiis

123 2100 425 2147 excerpuntur3
467 2106 550 2131 non
577 2093 727 2130 mirum
751 2099 886 2132 tamen
923 2099 982 2131 est
992 2123 1002 2141 ‚
1044 2108 1132 2132 eam
1158 2094 1297 2132 multis
1327 2093 1527 2136 arrisisse,

126 2178 251 2216 quum
279 2168 492 2212 tantopere
518 2159 749 2198 blandiatur
786 2167 827 2198 et
863 2160 1040 2199 desidiae
1076 2168 1115 2199 et
1148 2162 1259 2200 inani
1289 2161 1421 2200 famae
1446 2174 1525 2197 cu·-

123 2231 277 2284 pidini,
318 2242 420 2281 quae
462 2228 603 2265 alienis
653 2228 818 2277 gloriari
863 2229 980 2266 bonis
1028 2229 1252 2282 alienisque
1294 2227 1438 2278 pennis
1480 2241 1525 2265 se

123 2311 325 2338 exornare
378 2301 496 2333 amat.
576 2293 849 2345 Cupidissime
899 2296 1011 2334 illam
1068 2310 1165 2347 prae
1211 2296 1358 2333 ceteris
1413 2295 1523 2332 arri-

121 2379 250 2420 puere
278 2363 441 2410 Batavi,
473 2363 543 2414 qui
579 2362 786 2411 eamdem,
828 2377 903 2415 per
940 2378 982 2401 se
1016 2365 1097 2402 iam
1130 2365 1224 2401 satis
1267 2362 1523 2401 commodam

121 2448 168 2473 ac
203 2431 389 2477 facilem,
418 2430 549 2468 multo
587 2426 749 2495 quoque
784 2430 1085 2482 expeditiorem
1126 2431 1418 2475 reddiderunt,
1453 2430 1523 2468 in·

121 2505 243 2540 vecto
279 2510 393 2536 more
425 2495 654 2535 Auctorum
684 2497 943 2536 classic->rum
982 2499 1049 2537 vel
1087 2512 1179 2535 cum
1214 2498 1402 2536 omnibus
1430 2498 1521 2536 sere

121 2567 345 2607 Vas-iorum
377 2563 521 2611 NotiS‚
548 2565 615 2602 vel
638 2578 730 2602 cum
761 2567 928 2616 integris
952 2566 1138 2604 virorum
1160 2565 1374 2603 doctorum
1405 2580 1520 2604 com—

120 2634 330 2675 mentariis
363 2630 622 2670 edendorum.
683 2633 799 2671 Illam
823 2635 1024 2671 rationem
1057 2639 1253 2685 sequutus
1277 2638 1338 2670 est
1365 2631 1520 2670 Schre-

122 2704 253 2742 velius
288 2704 384 2743 inde
417 2699 465 2737 ab
501 2699 668 2739 a.1ss48.
704 2705 920 2752 utramque
951 2710 1049 2738 verss)
1080 2700 1310 2741 llenninius
1341 2714 1373 2737 a.
1400 2699 1516 2738 1685.

123 2772 408 2825 compilatores
454 2765 575 2805 nimis
618 2766 774 2819 seduli,
819 2767 863 2804 in
894 2780 1068 2819 quorum
1109 2768 1377 2818 editionibus,
1415 2779 1519 2820 quae

910 2835 925 2873 l
957 2847 981 2875 2
