1759 3029
557 110 647 150 AD
678 109 812 151 SAT.
853 109 925 160 xl,
956 110 1047 164 175.
1341 98 1349 104 ”
1423 107 1506 152 545

130 227 246 280 Bapt.
273 227 415 278 Egnat.
443 225 606 264 Racem.
628 239 662 263 c.
691 227 754 275 17ss
780 223 988 262 Brodaeus
1015 223 1131 261 Misc.
1161 223 1215 268 V,
1249 223 1313 262 26.
1344 229 1384 261 et
1412 223 1509 261 Bri-

132 301 242 332 tann.
271 301 319 332 ut
351 295 419 332 vel
447 293 682 344 designetur
706 293 876 345 βίβασις
904 285 1142 339 Λακωνική,
1172 304 1295 341 genus
1325 290 1510 328 saltatio-

129 363 207 411 nis,
231 363 385 399 lubrico
404 361 616 412 pedemate
629 388 643 405 ,
691 355 921 411 πηδήματι,
959 358 1065 395 saltu
1098 358 1166 395 vel
1205 359 1329 396 celeri
1356 357 1511 410 pedum

129 429 368 477 mobilitate,
393 429 437 466 in
466 428 611 472 orbem}
641 440 760 478 gyros
792 432 834 463 et
861 427 1054 476 ambag05‚
1094 424 1202 461 circa
1225 425 1437 463 tibicinem
1464 425 1510 464 in

129 495 266 533 medio
296 495 504 533 sedentem
534 501 654 547 atque
684 501 907 542 canentem,
934 492 1152 540 exercitae,
1182 493 1242 539 (v.
1276 493 1438 541 Pollux,
1470 497 1513 530 et

127 560 298 601 Lucian.
342 562 391 600 de
419 563 557 600 Saltat.
605 576 636 600 c.
674 575 735 602 10.
764 562 871 614 Opp.
916 561 965 598 T.
993 561 1065 598 IV.
1111 574 1149 611 p.
1190 560 1281 608 347.
1322 574 1403 612 seq.
1447 559 1510 597 ed.

129 628 331 681 Schmid.)
356 631 434 678 vel,
465 643 565 682 quae
580 630 755 667 Brodaei
785 629 989 667 sententia
1017 633 1089 676 est,
1120 628 1227 665 orbis
1256 627 1309 664 sit
1331 627 1512 677 ligneum

127 703 380 748 tympanum,
408 698 452 734 in
487 697 595 749 quod
627 696 892 743 desiluerint,
933 696 1123 748 quodque
1161 693 1282 732 modo
1320 695 1511 732 saltantes

129 764 484 802 circumduxi-crint
510 765 695 816 pedibus,
721 763 843 802 modo
884 778 960 815 per
988 764 1155 812 longum
1186 763 1360 813 spatium
1390 775 1513 813 super

129 836 282 868 stantes
315 845 397 869 uno
434 832 594 883 impetu
622 830 1145 882 lubricandoagitaverint.
1178 852 1231 860 -—·
1255 832 1514 881 pilyldsmccte

128 897 198 935 vel
218 894 480 948 pytc'lismate
512 900 616 937 coni.
647 899 872 938 Politianus
901 898 946 936 in
971 898 1088 936 Misc.
1119 893 1170 946 II,
1200 898 1264 947 37.
1283 899 1347 936 38.
1380 904 1422 935 et
1436 897 1512 934 Iul.

128 960 405 1016 Scalig.Poet.
427 967 458 1014 I,
479 979 544 1004 22.
563 973 610 1004 ut
637 968 688 1005 sit
706 967 951 1005 exercitatio
977 966 1020 1003 in
1034 967 1243 1002 Laconico
1265 961 1514 1015 (V.C01nm.)

128 1032 249 1080 facta,
276 1046 353 1084 qua
383 1034 472 1084 quis
500 1035 667 1072 summis
693 1034 864 1086 pedibus
904 1032 1137 1084 ingrediens
1173 1046 1315 1070 manus
1342 1038 1516 1084 proten-

127 1099 239 1138 derit
290 1100 558 1153 ocissimeque
593 1102 795 1149 moverit,
847 1101 1017 1139 alteram
1053 1107 1304 1148 retrorsum7
1347 1101 1517 1137 alteram

127 1180 333 1219 prorsum,
365 1167 416 1206 de
445 1183 525 1221 quo
554 1182 593 1207 v.
623 1169 766 1206 Galen.
795 1168 848 1205 II.
879 1189 934 1195 ——-
956 1177 1207 1218 pettfzcmale
1234 1168 1393 1218 recepit
1410 1167 1516 1204 Far-

131 1235 223 1273 nab.
257 1249 309 1273 ex
339 1236 537 1274 emendat.
579 1236 738 1274 Mureti
771 1235 816 1273 in
843 1234 941 1273 Var.
971 1234 1088 1272 Lect.
1129 1235 1193 1282 X,
1235 1235 1270 1272 (3.
1316 1234 1389 1271 ubi
1416 1232 1516 1270 haec

135 1316 222 1340 vox
251 1302 469 1341 deducitur
497 1316 520 1341 a
550 1303 623 1340 Gr.
654 1299 874 1350 πεττεύειν,
914 1302 1007 1340 talis
1049 1316 1077 1339 s.
1121 1302 1307 1350 calculis,
1345 1302 1518 1349 πεττοῖς,

132 1369 288 1418 ludere,
318 1376 367 1408 ut
393 1369 433 1407 h.
462 1371 488 1407 1.
518 1371 770 1422 significetur
800 1370 912 1407 dives
941 1369 1050 1407 aleae
1077 1369 1213 1407 studio
1245 1369 1417 1417 deditus,
1448 1368 1518 1420 qui

131 1450 313 1476 mensam
351 1451 405 1475 ex
432 1451 635 1475 marmore
663 1438 870 1476 Laconico
908 1437 1069 1474 assidue
1107 1436 1286 1474 ludendo
1329 1437 1517 1480 laba-icet,

131 1503 174 1543 h.
202 1518 235 1542 e.
262 1506 400 1557 poliat.
429 1504 493 1542 Cf.
510 1518 567 1542 vs.
591 1519 672 1556 seq.
694 1527 751 1534 -—-
775 1508 1027 1556 pyreismate
1051 1505 1118 1542 vel
1141 1512 1398 1553 pyreysmczle
1424 1517 1520 1540 cor-

131 1573 205 1623 rig.
234 1571 416 1609 Alciatus
444 1572 606 1622 Parerg.
636 1572 718 1609 Iur.
748 1573 822 1620 VI,
851 1573 887 1610 3.
925 1577 973 1608 ut
1013 1571 1066 1607 sit
1106 1571 1348 1608 exercitatio
1392 1585 1516 1621 quae-

133 1639 227 1677 dam
253 1638 476 1687 Laconum,
505 1639 573 1676 vel
603 1638 807 1676 nudorum
840 1639 1012 1689 oleoque
1040 1643 1283 1681 unctorum,-
1314 1638 1358 1674 in
1398 1637 1520 1674 suda-

134 1707 259 1754 torio,
289 1706 507 1754 Laconico,
534 1703 762 1758 πυρεύματι
807 1719 837 1742 s·
863 1706 1136 1757 πυριατηρίῳ.
1160 1725 1212 1733 -
1235 1713 1520 1755 propt-mmai&

133 1773 394 1812 Mercurialis
431 1778 506 1810 art,
536 1786 672 1823 gymn.
702 1773 734 1820 I,
774 1786 834 1811 lo.
864 1777 1011 1823 putans
1052 1771 1225 1821 intelligi
1254 1771 1522 1822 petulantiam

135 1840 344 1889 ditiorum,
374 1841 445 1892 qui
474 1841 604 1878 multo
634 1846 753 1892 sputo
785 1834 1089 1892 (προπτύοντες,
1116 1838 1394 1889 imputantes)
1422 1838 1523 1875 irri-

137 1908 323 1958 gaverint
365 1907 619 1945 Laconicum
670 1908 838 1958 eiusque
885 1906 1166 1957 pavimentum
1214 1905 1522 1953 lubricaveri11t‚

135 1981 184 2012 ut
199 1975 319 2013 facile
340 1975 428 2027 quis
453 1974 596 2012 cadere
612 1975 806 2026 potuerit.
828 1996 881 2003 —
905 1975 1168 2025 pitteremczte
1185 1971 1337 2009 Eberh.
1368 1972 1521 2009 Molle—

133 2056 218 2090 1118,
247 2042 317 2094 qui
341 2041 444 2079 hanc
473 2042 693 2080 lectionem
720 2040 887 2079 Lubino
924 2040 1117 2092 probavit
1145 2039 1332 2076 excitatis
1364 2039 1522 2090 aliquot

134 2116 324 2148 veterum
362 2109 610 2160 scriptorum
650 2110 773 2158 locis,
807 2110 913 2160 inpr.
954 2108 1139 2145 Luciani.
1185 2127 1236 2134 -—-
1286 2108 1523 2156 fys-‘similate

136 2177 250 2229 Lips.
277 2177 409 2228 Epist.
441 2176 607 2225 Quaest.
638 2177 718 2224 IV,
760 2177 825 2214 25.
861 2176 934 2216 ubi
963 2180 1112 2223 monet,
1151 2172 1336 2226 πύγισμα
1377 2178 1524 2223 poetae

139 2243 276 2282 Siculo
308 2243 390 2281 dici
416 2243 763 2294 paedicationcm,
802 2249 843 2280 et
884 2244 1056 2281 verbum
1094 2243 1299 2279 lubricam
1332 2240 1526 2277 obscoeni

140 2310 240 2361 quid
265 2310 486 2361 praeferre,
513 2312 645 2349 orbem
666 2325 766 2349 vero
786 2310 1029 2348 Lacedaem.
1057 2314 1216 2360 partem
1236 2307 1375 2344 vocari
1402 2319 1524 2344 aver—

141 2390 225 2414 sam
255 2382 296 2413 et
326 2376 445 2414 diviti
472 2392 621 2429 pueros
648 2370 888 2416 Lacedaem.
925 2376 1075 2424 tribui,
1107 2374 1298 2426 quoniam
1338 2387 1384 2410 ea
1425 2387 1523 2424 gens

141 2443 347 2483 Iuvenalis
388 2449 572 2496 tempore
608 2446 785 2484 maxime
820 2444 955 2482 mollis
990 2448 1031 2480 et
1066 2441 1186 2493 pueri
1221 2439 1317 2478 inde
1359 2440 1526 2478 oriundi

140 2511 188 2548 in
235 2509 436 2547 nobilium
481 2510 636 2550 deliciis
686 2513 855 2550 suerint.
932 2510 996 2548 Cs.
1039 2508 1232 2547 Philostr.
1277 2508 1350 2546 vit.
1393 2506 1526 2559 Apol-

142 2577 225 2615 lon.
255 2576 328 2613 IV.
359 2582 401 2613 et
427 2578 603 2617 Martial.
630 2580 705 2628 IV,
731 2581 795 2627 55,
837 2579 871 2616 6.
904 2590 939 2625 7.
969 2598 1023 2607 —-
1058 2583 1331 2627 poppysmata
1359 2575 1527 2613 Flavius

145 2634 381 2682 Coniectan.
426 2658 457 2681 c.
501 2646 564 2685 51,
594 2647 665 2685 ubi
705 2646 836 2696 docet,
863 2645 988 2685 verba
1022 2656 1257 2695 poppysma
1301 2655 1330 2680 s.
1361 2642 1526 2681 sibilum
