1759 3029
542 153 887 194 SATIRA
957 153 1039 194 VJ.
1430 153 1484 210 95

103 272 184 312 286
206 270 310 324 seq.)
330 269 406 321 gvel
433 269 553 308 initio
583 269 651 308 vel
677 250 734 307 'in
769 268 851 306 fine
894 268 1083 306 carminis
1125 268 1322 307 inculcari
1361 273 1489 321 pote-¹

102 346 224 388 rant;.
248 339 330 376 'alia
358 330 556 389 denique,
582 338 676 389 quia
704 336 781 374 sibi
820 343 987 387 cognata
1025 341 1141 384 sunt,
1191 338 1315 387 magis
1344 338 1485 388 place·

100 412 194 463 rent
220 405 531 457 elucerentque,
574 407 608 443 si
637 418 720 442 non
757 405 942 442 seiuncta
980 409 1139 451 essent,
1175 404 1246 440 sed
1287 418 1487 453 connexu,

100 486 137 510 v.
169 486 200 509 c.
231 486 331 524 quae
360 486 398 510 v.
421 473 469 522 67
495 487 578 525 seq.
609 479 650 510 et
679 473 760 526 379
792 485 899 523 seq.,
929 485 967 508 v.
998 473 1076 510 184
1102 485 1182 523 seq.
1213 477 1254 509 et
1285 474 1364 510 434
1391 487 1486 525 seq„

98 553 137 578 v.
174 541 254 578 413
282 554 362 592 seq.
396 547 438 578 et
468 542 547 590 475
579 554 684 592 seq.,
717 540 922 590 leguntur.
979 538 1029 577 In
1060 540 1147 590 ipsa
1189 553 1350 592 quoque
1392 555 1486 579 car-

95 608 216 645 minis
248 607 517 660 dispositione
549 621 632 645 non
661 621 804 658 magna
830 607 989 645 inventi
1020 607 1106 644 laus
1137 608 1300 657 ingenio
1339 615 1488 659 poetae

96 674 293 723 debetur,
324 689 399 712 nec
429 676 610 725 singulae
640 675 726 712 eius
753 681 911 726 partes,
950 677 1030 713 etsi
1067 675 1225 725 egregie
1267 675 1489 713 adumbra—

94 749 184 790 tae,
216 749 305 780 arte
332 742 502 794 quadam
532 743 641 780 inter
669 756 713 779 se
742 741 973 794 implicatae
1003 747 1124 789 sunt,
1165 741 1235 779 sed
1264 744 1410 794 <aeque
1440 757 1486 782 ac

78 811 138 849 ,in
164 811 244 847 Sat.
274 810 354 858 X.)
383 824 431 847 eo
463 824 504 847 se
536 810 750 861 excipiunt
780 809 945 857 ordine,
986 823 1066 861 quo
1106 810 1151 846 in
1191 809 1489 849 declamatione

93 879 228 929 aliqua
266 876 411 914 rhetor
449 877 545 914 alias
587 877 675 914 aliis
715 877 991 927 subiungeret.
1048 876 1144 914 Non
1185 877 1310 915 alium
1347 884 1488 917 tamen

93 931 305 997 antiquum
335 945 580 996 scriptorem
607 944 743 995 legere
781 945 970 993 memini,
1008 946 1078 997 qui
1116 944 1226 982 idem
1267 958 1488 996 argumen-

92 1019 182 1051 tum
207 1012 281 1049 tali
310 1012 432 1050 modo
457 1018 498 1050 et
527 1018 610 1050 tam
641 1012 804 1063 copiose
834 1013 1075 1050 tractaverit
1085 1027 1094 1060 ;
1122 1013 1199 1050 etsi
1221 1027 1305 1050 non
1327 1014 1488 1064 ignoro,

90 1080 221 1119 multa
247 1080 466 1118 mulierum
504 1080 605 1118 vitia
640 1080 792 1130 passim
831 1085 971 1118 notata
1011 1094 1099 1117 esse
1138 1080 1186 1117 ab
1226 1080 1335 1128 aliis,
1375 1080 1486 1132 inpr.

92 1149 142 1187 ab
169 1147 371 1199 Euripide
400 1153 442 1184 et
470 1146 759 1199 Aristophane.
816 1146 893 1184 Ille
923 1153 987 1185 tot
1022 1148 1210 1185 scelestas
1249 1149 1488 1186 cuiuscum-

92 1229 171 1271 que
200 1215 358 1267 generis
387 1214 580 1252 mulieres
615 1213 784 1252 induxit
821 1214 867 1252 in
907 1228 1067 1254 scenam
1110 1221 1152 1253 et
1190 1214 1301 1253 hunc
1339 1229 1488 1255 sexum

92 1284 214 1321 toties
245 1296 289 1320 ac
319 1288 536 1334 tantopere
564 1282 834 1333 perstrinxit,
872 1289 920 1320 ut
961 1283 1058 1321 inde
1097 1278 1346 1336 ΛΙισογύνης
1386 1284 1487 1322 olim

91 1356 328 1390 vocaretur:
358 1364 452 1388 nam
482 1349 526 1392 ἔν
548 1365 591 1404 γε
620 1351 709 1398 ταῖς
741 1351 992 1404 τραγῳδίαις·
1019 1347 1269 1404 μισογύνης,
1298 1350 1341 1393 ε”ν
1360 1367 1404 1404 γε
1435 1350 1489 1405 τῇ

90 1418 204 1475 κλίνῃ
237 1413 463 1472 φιλογύνης
485 1418 602 1467 suit,
639 1424 746 1456 teste
776 1417 980 1469 Sophocle
1025 1433 1086 1470 ap.
1128 1420 1302 1457 Hieron.
1339 1419 1486 1458 lauda-

90 1491 181 1523 tum
209 1484 413 1523 Athenaei
444 1486 516 1524 lib.
545 1485 666 1524 XIII.
706 1499 745 1537 p.
778 1487 871 1535 557.
911 1493 1131 1538 errantque
1172 1487 1342 1535 Suidas,
1385 1488 1486 1525 Mo-

92 1552 336 1608 schopulus‚
366 1553 526 1590 Gellius
560 1552 663 1602 XV,
693 1565 759 1592 20.
792 1559 834 1591 et
858 1553 954 1598 alii,
987 1554 1056 1606 qui
1083 1554 1195 1592 illam
1239 1555 1487 1606 appellatio-

92 1619 238 1658 nem-a
268 1620 468 1668 naturali,
500 1619 611 1672 quod
645 1620 689 1657 in
730 1634 851 1658 omne
891 1633 1017 1670 genus
1058 1621 1260 1659 muliebre
1298 1623 1486 1672 gesserit,

94 1687 188 1725 odio
218 1680 423 1738 repetunt.
455 1687 516 1737 (v.
542 1687 708 1725 Barnes.
747 1689 820 1725 vit.
849 1687 1063 1738 Euripidis
1111 1686 1241 1740 §.19.
1271 1684 1313 1726 et
1350 1690 1487 1741 Baylii

91 1755 298 1802 Dietion.)
328 1754 410 1791 Hic
437 1768 538 1791 vero
569 1754 612 1791 in
641 1755 737 1792 solis
772 1750 1234 1806 Θεσμοφοριαζούσαις,
1263 1757 1308 1795 in
1337 1758 1486 1809 quibus

91 1821 334 1873 Euripidem
361 1836 384 1859 a
409 1821 651 1859 mulieribus
681 1821 917 1859 damnatum
943 1822 1080 1873 fingit,
1108 1823 1217 1874 quod
1239 1825 1284 1862 in
1306 1839 1370 1862 eas
1393 1839 1484 1862 sae-

89 1890 182 1941 pius
208 1889 406 1926 acerrime
434 1889 622 1926 invectus
653 1890 719 1937 sit,
746 1889 867 1941 plura
888 1903 1016 1941 paene
1040 1890 1160 1928 istius
1182 1905 1308 1929 sexus
1332 1891 1485 1943 flagitia

90 1962 302 2005 memorat,
325 1970 446 2008 quam
467 1955 689 2008 Euripides
711 1957 755 1994 in
776 1957 978 2005 omnibus,
1006 1971 1108 2009 quae
1128 1958 1291 2010 quidem
1313 1965 1484 2008 restant,

87 2023 306 2075 tragoediis
337 2025 432 2062 suis.
492 2023 577 2072 Qui
605 2036 705 2062 vero
735 2024 812 2061 alia
840 2024 1012 2062 feminei
1039 2038 1163 2062 sexus
1183 2027 1392 2078 vituperia
1420 2029 1483 2065 le-

89 2106 184 2144 gere
214 2091 348 2144 eupit,
374 2092 581 2141 consulat,
611 2106 711 2144 quos
741 2098 831 2129 tum
858 2091 1090 2130 Henninius
1119 2093 1313 2143 laudavit,
1345 2095 1483 2147 Chry-

89 2166 187 2198 sost.
217 2159 358 2198 homil.
402 2159 452 2196 de
488 2159 734 2208 Herodiad.‚
773 2157 915 2196 Barth.
956 2160 1007 2197 ad
1034 2159 1226 2200 celestin.
1267 2177 1321 2201 ex
1361 2165 1480 2217 Hisp-

89 2238 255 2268 versum
297 2241 336 2279 p.
372 2240 424 2265 m.
457 2226 539 2266 334
574 2240 678 2279 seq„
722 2227 781 2266 les
822 2227 1046 2266 Memoires
1088 2228 1138 2266 de
1167 2230 1410 2269 Brantosme
1439 2238 1483 2270 et

90 2293 270 2332 sotadica
294 2294 492 2333 Italorum
518 2295 881 2347 Hispanorumque
910 2295 1084 2347 scripta,
1126 2303 1216 2335 tum
1246 2297 1482 2349 Achaintre,

91 2361 343 2400 Simonidem
371 2362 415 2400 in
440 2362 582 2414 lyricis
613 2369 706 2401 octo
748 2376 802 2401 ex
827 2375 909 2401 rec·
939 2363 1068 2401 Henr.
1100 2363 1316 2415 Stephani,
1354 2366 1482 2407 Italos

90 2428 283 2476 Ariosto,
320 2430 513 2478 Are-tino,
551 2430 773 2480 Boccacio,
821 2436 863 2469 et
905 2430 1045 2469 Gallos
1092 2431 1191 2468 Jean
1222 2431 1272 2470 (le
1314 2434 1480 2486 Meung‚

93 2495 336 2545 Gringoire,
377 2496 576 2547 Moliere‚
613 2497 653 2536 la
681 2499 883 2537 Fontaine
924 2504 967 2535 et
993 2499 1037 2536 in
1066 2499 1210 2549 primis
1240 2500 1408 2539 Boileau
1436 2503 1495 2541 in.

91 2563 173 2601 Sat.
199 2562 255 2600 X.
324 2563 483 2603 Similia
509 2566 631 2603 etiam
661 2567 841 2605 carmina
874 2565 938 2603 his
967 2566 1222 2617 temporibus
1251 2581 1275 2605 a
1301 2568 1481 2607 Nostra.-

91 2630 200 2668 tibus
230 2631 383 2682 scripta
410 2636 518 2668 sunt.
553 2652 609 2660 —-
654 2632 850 2672 Ceterum
877 2633 976 2670 haec
1008 2634 1142 2671 Satira
1169 2634 1319 2686 insigni
1349 2637 1497 2673 decu--

56 2709 62 2712 ·
92 2702 229 2739 mento
258 2703 320 2737 est
329 2727 341 2747 ,
392 2703 544 2749 quanta
581 2699 664 2740 illis
691 2701 947 2754 temporibus
973 2699 1130 2742 Romae
1159 2701 1288 2743 suerit
1317 2716 1479 2742 morum
