1759 3029
675 141 767 179 DE
824 140 1175 182 SATIRICIS

236 154 332 179 Lxu

235 256 537 295 recensebimus
565 261 717 306 poetas,
747 257 818 308 qui
846 256 913 294 vel
930 256 1112 295 Ennium
1136 257 1203 295 vel
1222 257 1432 296 Lucilium
1457 258 1620 308 imitati,

236 324 420 374 adeoque
438 323 505 360 vel
525 324 638 360 varia
660 330 895 374 argumenta
917 325 1102 362 versibus
1124 325 1341 376 persecuti,
1364 325 1433 362 vel
1453 326 1494 362 in
1517 325 1621 362 vitia

233 391 385 428 saeculi
399 391 462 427 sui
479 391 632 428 invecti
646 398 759 440 sunt,
775 388 788 408 ¹
818 397 860 429 et
873 392 995 429 simul
1009 391 1280 439 ostendemus,
1303 405 1421 442 quam
1436 391 1548 428 varie
1568 392 1619 429 ab

232 458 282 495 :iis
307 463 478 494 tractata
502 464 555 495 s1t
569 459 702 496 Satira
732 464 773 496 et
799 472 917 509 quam
928 458 1106 497 diversas
1124 459 1220 496 inde
1241 459 1394 510 species
1422 458 1618 495 induerit.

233 525 360 573 Quod
389 525 602 562 consilium
630 525 780 563 vellem
808 526 1034 563 accuratius
1060 525 1201 577 perfici
1230 531 1388 577 posset:
1429 525 1500 563 sed
1529 525 1620 576 pri-

230 605 345 630 mum
376 592 529 644 duplex
558 591 635 629 hoc
667 593 894 629 carminum
931 605 1068 642 geum,
1096 594 1314 643 praecipue
1343 593 1619 640 Lucilianum,

233 659 344 711 quod
371 660 566 709 gliscente
597 672 757 696 morum
787 659 1021 709 corruptela
1047 659 1122 695 sub
1152 659 1352 696 malorum
1379 659 1621 711 Principum

231 726 444 765 dominatu
472 733 514 764 et
542 726 820 776 indignatione
850 739 1021 763 versum
1049 724 1226 763 faciente
1289 722 1428 762 iuven.
1457 725 1490 773 I,
1528 723 1619 777 79.)

230 807 330 847 prae
361 796 507 832 ceteris
537 795 723 831 arrisisse
762 806 846 830 non
884 798 945 830 est
987 791 1097 843 quod
1122 792 1343 840 miremur,
1394 793 1622 830 multorum

231 861 344 900 haud
371 861 492 899 dubie
522 861 684 912 ingenia
714 859 913 907 exercuit,
941 872 1117 910 quorum
1144 860 1275 896 omnis
1297 859 1509 897 intercidit
1530 874 1620 898 m(-

234 931 387 977 moria3
421 928 567 966 deinde
594 928 886 979 plerorumque
913 933 1142 977 poetarum,
1168 940 1268 976 quos
1294 927 1623 976 memorabimus,

231 998 399 1035 nomina
429 1002 587 1033 tantum
617 995 732 1031 nobis
761 995 990 1041 innotuere,
1030 1006 1114 1030 non
1141 995 1320 1030 carmina
1358 1007 1519 1045 quoque
1548 1007 1621 1031 re-

231 1064 332 1102 licta
360 1070 475 1110 sunt3
506 1061 681 1112 denique
710 1062 900 1098 novimus
928 1060 1105 1112 quidem,
1133 1060 1183 1097 ab
1219 1058 1283 1097 his
1307 1060 1375 1098 vel
1398 1060 1479 1097 illis
1509 1060 1621 1098 Sati-

232 1145 299 1170 ras
330 1145 414 1168 esse
455 1129 637 1180 scriptas,
675 1127 746 1166 sed
783 1128 1014 1179 ignoramus
1055 1140 1196 1178 saepe,
1232 1133 1374 1165 utrum
1410 1127 1620 1165 Ennianae

231 1200 391 1238 fuerint
421 1198 525 1243 illac,
554 1210 605 1233 an
633 1196 926 1242 varronianae,
955 1208 1006 1232 an
1031 1194 1284 1243 Lucilianae,
1313 1207 1363 1231 an
1392 1193 1491 1232 adeo
1522 1193 1619 1232 dra-

230 1267 415 1305 maticae.
470 1264 576 1300 Rem
607 1276 769 1315 quoque
799 1262 1019 1299 turbarunt
1059 1262 1145 1299 viri
1183 1262 1315 1309 docti,
1371 1261 1442 1312 qui
1482 1262 1549 1299 vel
1574 1261 1620 1300 in

230 1346 390 1370 caecam
429 1331 579 1368 molem
619 1343 855 1380 congessere
896 1329 1075 1367 carmina
1121 1329 1279 1377 omnia,
1316 1342 1420 1380 quae
1462 1329 1620 1367 satirici

233 1399 343 1452 quid,
373 1399 411 1435 li.
444 1413 477 1436 e.
516 1397 604 1435 sive
635 1396 808 1435 miscelli
844 1396 930 1434 sive
955 1396 1123 1445 dicacis,
1161 1396 1376 1448 spirarent,
1396 1392 1416 1411 ²
1458 1396 1522 1434 vel
1549 1409 1620 1434 re-

279 1567 294 1588 1
322 1555 377 1587 Cf.
409 1557 498 1596 inpr.
531 1553 677 1585 Casaub.
712 1552 755 1585 de
783 1553 900 1596 Satyr⁰

230 1612 355 1644 Graec.
405 1614 500 1653 poesi
551 1619 584 1643 et
629 1611 729 1642 Rom.
782 1610 895 1641 Satira

230 1669 310 1701 Lib.
339 1668 383 1700 Π.
412 1680 441 1699 c.
470 1680 501 1699 2.
524 1677 556 1699 et
583 1669 615 1700 5.
647 1680 681 1710 p.
709 1666 893 1710 128-211.

229 1727 336 1759 225-
362 1735 438 1756 220.
480 1733 512 1755 et
549 1724 759 1755 Werusdorf
796 1723 892 1756 Poet.

228 1783 304 1815 Lat.
329 1782 414 1812 Min.
437 1781 478 1812 T.
492 1782 558 1813 HI.
588 1793 620 1823 p.
640 1780 891 1813 XIII—XXVII.

230 1848 265 1872 et
286 1837 508 1870 XLV-LXX.
538 1849 689 1878 quorum
708 1849 894 1869 commen-

229 1898 377 1929 tationes
399 1906 415 1924 a
439 1894 540 1925 nobis
560 1893 667 1925 modo
698 1895 894 1936 amplifica—

231 1962 293 1992 tas,
303 1951 411 1984 modo
428 1959 631 1991 contractas,
646 1950 754 1982 modo
771 1962 895 1982 emen-

235 2010 329 2042 datas
352 2006 497 2039 videbis.

279 2078 299 2098 2
344 2065 424 2107 Quo
463 2063 577 2096 refero
622 2065 659 2105 α)
691 2064 827 2105 Satiras,
858 2066 894 2097 iu

233 2123 427 2165 singulares
452 2120 661 2152 adversarios
691 2123 847 2164 scriptas,
867 2133 897 2153 v.

233 2193 263 2215 c.
285 2193 303 2211 a
333 2179 479 2210 Lenaeo
510 2176 762 2220 Grammatico,
788 2178 899 2209 Pomm

229 2239 301 2280 peii
344 2237 392 2267 M.
433 2235 579 2275 liberto,
618 2236 655 2266 in
690 2234 899 2266 Sallustium

229 2292 456 2332 historicum,
487 2293 532 2333 (v.
561 2291 704 2323 Sueton.
737 2288 897 2321 Gramm.

232 2362 262 2382 c.
297 2348 370 2391 15.)
407 2348 450 2379 ab
500 2348 630 2380 ovidio
662 2349 699 2379 in
734 2346 896 2382 adversa-

228 2409 326 2439 rium
358 2405 458 2436 nobis
479 2406 660 2446 ignotum,
692 2403 788 2446 quod
818 2416 897 2434 car-

233 2475 317 2496 men
330 2462 540 2494 invectivum
553 2460 761 2494 Callimachi
775 2473 896 2493 exem-

687 2519 730 2550 ab
755 2517 898 2551 Euelle-

230 2577 299 2617 νέα,
323 2575 470 2607 muliere
494 2574 700 2616 Aquitanica
727 2575 782 2607 vel
804 2574 894 2607 Gal—-

232 2633 313 2673 lica,
344 2642 431 2673 quae
459 2630 548 2662 forte
579 2631 676 2663 Saec.
695 2631 736 2664 V.
759 2634 816 2664 vel
833 2633 894 2666 VI.

231 2520 294 2563 plo
326 2517 410 2550 Ibin
440 2519 615 2561 inscripsit
628 2536 636 2562 3

232 2690 328 2730 vixit,
354 2689 392 2720 in
426 2698 563 2719 servum
592 2688 793 2731 quemdam,
822 2692 894 2723 eius

952 1554 1090 1595 nuptias
1116 1552 1343 1584 ambientem.
1373 1551 1456 1596 (vid.
1472 1553 1619 1584 VVerns-

953 1609 1037 1642 dors
1063 1611 1088 1642 1.
1127 1610 1152 1641 l.
1191 1620 1226 1651 p.
1256 1608 1351 1641 LXV
1379 1620 1430 1649 sq.
1453 1617 1487 1640 et
1507 1611 1619 1652 ipsam

951 1666 1024 1698 Sat.
1039 1666 1126 1699 ibid.
1148 1678 1182 1708 p.
1197 1677 1239 1710 97
1260 1666 1331 1708 sq.)
1379 1665 1520 1697 Similia
1539 1678 1617 1698 car—

950 1725 1046 1755 mina
1065 1724 1197 1755 famosa
1210 1724 1279 1755 sive
1293 1722 1465 1756 maledica
1485 1737 1503 1756 a
1516 1725 1618 1757 rnul-

949 1781 993 1811 tis
1012 1781 1048 1811 in
1076 1780 1209 1812 multos
1229 1781 1365 1823 scripta,
1386 1792 1417 1811 v.
1439 1792 1468 1812 c.
1495 1793 1513 1812 a
1537 1781 1618 1815 Sex.

952 1836 1101 1868 Vestino
1122 1837 1158 1867 in
1181 1835 1219 1868 C.
1242 1836 1436 1877 Caesarem,
1468 1847 1513 1877 w.
1534 1838 1618 1880 Tac,

950 1891 1041 1923 Anu.
1061 1892 1122 1932 VI,
1153 1891 1198 1936 9.)
1225 1892 1267 1923 ab
1299 1892 1447 1924 Antistio
1470 1893 1615 1927 Sosiauo

951 1950 987 1980 in
1012 1948 1202 1989 Neronem,
1224 1950 1321 1992 (Tac.
1339 1949 1536 1993 Ann.XlV,
1561 1952 1616 1985 48.

952 2012 986 2036 et
1004 2004 1099 2044 XVI,
1117 2006 1181 2037 14³
1213 2006 1255 2037 ab
1282 2006 1385 2038 Aelio
1412 2006 1614 2048 Saturnino,

951 2061 990 2093 C.
1009 2061 1173 2094 Cominio
1205 2071 1239 2094 et
1269 2062 1388 2094 Sextio
1420 2064 1616 2096 Paconiano

956 2121 992 2151 in
1009 2119 1204 2160 Tiberium,
1224 2119 1304 2163 (Dio
1319 2119 1411 2152 Cass.
1430 2120 1492 2152 lib.
1504 2120 1616 2155 LVlI.

956 2184 1041 2208 extr.
1061 2176 1142 2207 Tac.
1166 2175 1258 2209 Anu.
1268 2176 1328 2216 IV,
1351 2177 1404 2209 51.
1419 2185 1452 2208 et
1469 2176 1614 2221 V1,39.)

956 2246 974 2264 a
992 2233 1131 2265 Lucano
1159 2235 1195 2264 in
1224 2233 1402 2264 Neronem
1429 2241 1463 2265 et
1484 2242 1614 2276 poten—-

953 2291 1106 2322 tissimus
1143 2292 1214 2322 eius
1261 2291 1412 2330 amicos,
1440 2289 1614 2330 (sueton.

954 2348 990 2378 in
1008 2348 1076 2378 vita
1094 2346 1240 2387 Lucanis·
1265 2360 1283 2378 a
1302 2347 1438 2379 Nerone
1461 2349 1497 2378 in
1508 2347 1615 2380 Afra-

954 2405 1054 2435 nium
1091 2403 1341 2445 Quinctianum
1373 2405 1504 2448 (Tacit.
1521 2404 1614 2438 Anu.

953 2460 1026 2502 XV,
1055 2462 1134 2506 49.)
1175 2470 1238 2494 cet.
1276 2473 1358 2504 qaae
1396 2473 1466 2493 non
1501 2464 1613 2505 magis

953 2518 1021 2550 huc
1041 2528 1206 2562 spectant,
1235 2531 1341 2560 quain
1364 2521 1615 2561 epigrammata

950 2575 1122 2608 Martialis
1143 2577 1374 2617 aliorumque.
1416 2577 1450 2619 ῥ’)
1472 2575 1611 2607 Carmi-

950 2646 994 2665 na
1012 2632 1213 2664 detestanda
1236 2631 1348 2664 Curtii
1366 2633 1536 2664 Montani.
1560 2631 1610 2674 (v,

950 2691 1032 2723 Tac.
1048 2689 1244 2732 Aumxw,
1270 2691 1338 2732 28.)
1385 2702 1421 2732 y)
1445 2689 1558 2729 Diras,
1582 2700 1610 2719 v.
