1759 3029
711 145 847 186 IVN.

258 148 339 189 250
589 147 642 186 D.

915 145 1310 186 IVVENALIS

255 261 456 304 Piscibus
487 266 683 305 inventis
717 271 762 305 et
796 262 913 305 fetae
944 279 1161 321 comparo
1198 263 1363 314 mulae,

254 331 510 383 Sollicitus,
549 340 780 388 tamquam
813 332 984 389 lapides
1027 332 1237 374 effuderit
1279 331 1424 374 imber

252 398 518 441 Examenve
555 405 708 457 apium
745 401 882 456 longa
915 402 1171 443 consederit
1206 415 1294 441 uva

253 466 465 509 Culmine
496 469 700 521 delubri,
738 477 971 524 tamquam
1005 473 1053 510 in
1086 483 1212 510 mare
1240 467 1430 509 fluxerit
1459 465 1602 506 amnis

252 535 520 591 Gurgitibus
555 540 683 579 miris
717 545 762 578 et
796 537 925 578 lactis
961 541 1133 580 vortice
1181 544 1375 578 torrens.

1573 543 1635 592 70

356 604 616 662 Intercepta
650 605 805 646 decem
839 608 1040 661 quereris
1080 607 1284 646 sestertia
1316 603 1476 645 fraude

251 671 507 728 Sacrilegai'
539 673 660 724 Quid
696 676 733 713 si
769 673 836 714 bis
876 680 1061 714 centum
1096 673 1297 728 perdidit
1321 672 1439 714 alter

247 739 350 782 Hoc
385 755 547 783 arcana
576 740 745 782 modo?

798 745 1020 783 maiorem
1053 744 1216 782 tertius
1252 739 1334 779 illa

248 808 481 850 Summam
496 843 505 860 ,
541 825 677 865 quam
708 809 892 866 patulae
927 812 1006 850 vix
1036 816 1218 865 ceperat
1250 806 1444 863 angulus
1478 803 1638 848 arcae?

249 876 366 918 Tam
386 876 514 918 facilc
528 886 573 918 et
584 893 784 934 pronum
796 885 877 930 est,
899 893 1089 934 superos
1102 885 1395 919 contemnere
1411 882 1558 928 testes,
1576 891 1598 936 7
1609 875 1637 917 5

246 944 293 985 Si
324 946 530 987 mortalis
562 947 682 987 idem
721 961 855 987 nemo
887 946 1023 988 sciat!
1066 943 1267 1002 Adspice
1281 977 1292 995 ,
1335 950 1503 999 quanta

243 1109 348 1130 vanus
373 1105 435 1129 est.
485 1104 551 1130 aut
571 1099 741 1130 mirantis
763 1100 836 1131 iam
862 1099 912 1132 15.

233 1164 420 1198 pueroque
438 1155 589 1186 miranti
615 1156 664 1187 15.
704 1167 818 1199 puero
840 1156 912 1187 ad-

243 1211 393 1249 miranti
424 1211 502 1242 cod.
526 1212 672 1253 quidam
691 1212 782 1244 Pith.
842 1212 912 1243 mi·-

244 1267 373 1299 randis
409 1279 437 1300 1.
471 1276 520 1299 1³4.
558 1268 608 1300 18.
631 1279 686 1310 70.
705 1270 758 1311 75.
780 1266 832 1311 76.
859 1281 912 1310 7-.

246 1326 301 1356 81.
332 1325 387 1355 ὅ).
418 1332 451 1354 et
482 1325 646 1355 nonnulli
678 1324 782 1356 codd.
805 1323 909 1356 Paris.

245 1382 416 1424 probante
430 1380 598 1412 Schurzss.
621 1383 679 1423 qui
701 1382 910 1424 monet‚pi-

244 1449 324 1470 sees
348 1437 535 1469 mirandos
555 1437 636 1478 dici,
661 1447 698 1470 ut
718 1439 781 1469 inf.
801 1450 831 1469 v.
854 1449 907 1481 70·

241 1495 413 1539 gurgites
434 1494 555 1533 miros,
583 1494 679 1535 quod
700 1496 791 1525 inter
815 1496 910 1525 θαυ-

840 1551 911 1583 Sed

244 1616 361 1639 nostra
393 1609 497 1638 lectio
522 1609 627 1650 longe
651 1611 829 1640 venustior
853 1618 912 1649 est,

242 1564 266 1595 μ
273 1549 353 1582 ιἰοἰα
373 1547 556 1593 (indonata
582 1552 790 1587 referantur.

246 1665 330 1696 haec
351 1664 638 1697 emendationem
663 1667 751 1708 sapit
773 1675 805 1697 et
829 1668 913 1707 qui-

244 1721 327 1754 dem
366 1722 549 1765 ineptam:
608 1734 679 1754 nou
719 1724 814 1754 enim
848 1723 913 1766 pi·—

242 1789 323 1810 sce-5
351 1786 432 1810 sunt
462 1779 643 1819 mirandi,
681 1779 742 1811 sed
775 1781 912 1811 miran—

245 1835 332 1866 dum
362 1843 430 1875 est,
483 1835 578 1876 quod
607 1835 673 1867 sub
702 1842 829 1868 aratro
851 1837 913 1867 in·-

243 1892 344 1923 venti
369 1893 449 1923 sint.
498 1892 556 1923 vel
579 1893 710 1924 litanti
731 1892 797 1926 sub
821 1905 911 1925 ara-

244 1954 303 1979 tro
332 1949 512 1989 ingeniose
547 1949 686 1980 emend.
713 1949 837 1983 Gatak.
868 1950 911 1982 ad

243 2004 413 2036 Antonin.
435 2018 468 2047 p.
497 2004 571 2036 953.
591 2014 624 2036 et
642 2006 801 2039 Dusaulx
826 2008 910 2038 coll.

241 2060 341 2092 Varr.
370 2061 406 2092 R.
435 2061 474 2092 R.
505 2061 530 2099 I,
566 2073 620 2104 '⁴³9-
657 2062 767 2093 tertio
804 2074 910 2107 quum

246 2123 359 2149 arant
384 2118 484 2149 iacto
517 2118 671 2158 semine,
710 2117 817 2151 boves
852 2118 909 2150 li-

243 2186 262 2207 7·
278 2185 300 2206 a
311 2187 328 2205 r
341 2186 359 2205 e
387 2174 569 2207 dicuntur.

293 2241 350 2276 66.
385 2241 495 2287 fetae
522 2244 644 2285 scripsi
675 2254 738 2286 pro
762 2242 908 2288 foetae.

242 2311 273 2331 v.
291 2299 335 2331 ad
356 2299 415 2339 XI,
438 2301 492 2332 40.

287 2378 344 2411 68.
387 2380 594 2410 Ε.ι·αηιεηνε
623 2390 686 2421 pro
717 2380 906 2411 Examen-

239 2447 309 2482 que
332 2436 527 2478 legendum
545 2447 683 2479 semper
709 2438 846 2479 putavi,
872 2444 906 2468 et

237 2505 334 2525 nune
356 2494 471 2535 recepi
496 2505 536 2525 ex
561 2505 612 2526 11.

288 2570 342 2614 61).
381 2570 563 2605 delubrum
606 2585 661 2606 11.
703 2571 798 2614 quod
844 2583 906 2615 pro

240 2627 466 2660 delubrorum
486 2631 641 2671 positum
668 2631 908 2674 suspicabatur

238 2683 406 2717 Schurzss.

1017 1108 1072 1142 7ο.
1115 1095 1331 1142 Gurgitibus
1358 1095 1473 1128 niveis
1501 1096 1556 1127 vel
1577 1092 1638 1126 ni-

966 1157 1048 1201 gris
1069 1157 1160 1187 coni.
1180 1154 1371 1193 Schrader,
1383 1161 1417 1185 et
1435 1152 1555 1185 rubris
1571 1153 1637 1185 cel.

970 1212 1102 1250 Iacobs,
1115 1213 1173 1253 qui
1190 1211 1274 1241 haec
1289 1210 1485 1248 adnotavit:
1513 1211 1635 1249 „Vul-

970 1277 1088 1311 gatam
1112 1268 1201 1299 sorte
1224 1267 1392 1299 defendas
1414 1278 1453 1298 ex
1465 1266 1637 1309 Vi1-g·.Ge.

969 1326 994 1365 I,
1017 1325 1096 1369 477.
1128 1325 1303 1356 Iuvenalis
1342 1332 1459 1356 tamen
1480 1325 1635 1356 antithe-

967 1394 1020 1414 ses
1042 1381 1202 1424 captaudi
1226 1380 1444 1413 cousuetudo
1465 1383 1585 1423 efficit,
1597 1389 1637 1414 ut

969 1441 1166 1472 existimem
1179 1463 1188 1478 ‚
1222 1450 1285 1480 pro
1304 1437 1405 1469 miris
1429 1440 1633 1480 significan-

968 1498 1037 1527 tius
1058 1497 1146 1527 olim
1170 1496 1383 1526 vocabulum
1415 1496 1518 1527 fuisse
1539 1498 1638 1538 posi-

969 1561 1058 1588 tum.
1106 1552 1201 1584 Inter
1226 1551 1408 1593 prodigia,
1434 1563 1521 1593 quae
1543 1552 1635 1585 Cae-

971 1611 1054 1641 saris
1084 1617 1238 1640 mortem
1259 1607 1536 1650 portendebant,
1568 1622 1639 1652 pu-

971 1674 1044 1696 teos
1075 1667 1264 1705 fluviosque
1292 1676 1454 1697 cruorem
1481 1677 1633 1698 manan-

970 1730 1022 1754 tes
1045 1721 1189 1753 laudant
1208 1722 1304 1764 Virg.
1324 1721 1389 1754 Ge.
1407 1722 1437 1762 Ιὶ
1460 1722 1528 1755 185.
1557 1725 1634 1763 Cic.

971 1781 1014 1810 de
1044 1779 1121 1810 Div.
1145 1778 1189 1817 II,
1219 1789 1273 1819 27.
1304 1786 1337 1809 et
1365 1777 1434 1809 Dio
1462 1779 1571 1819 LXII,
1609 1792 1635 1813 1.

969 1849 1003 1879 p.
1029 1837 1148 1868 1002.“
1183 1835 1243 1865 His
1264 1846 1342 1865 vero
1365 1846 1434 1867 non
1456 1847 1541 1878 opus
1561 1847 1633 1868 esse

970 1894 1198 1930 coniecturis,
1231 1903 1341 1933 quum
1361 1892 1534 1936 gurgites
1553 1892 1635 1925 miri

968 1952 1038 1982 sint
1055 1949 1231 1986 inusitati,
1260 1950 1319 1989 qui
1340 1948 1544 1981 homiuibus
1565 1949 1631 1981 ad—

968 2007 1197 2038 mirationem
1235 2006 1475 2046 timoremque
1512 2007 1630 2039 iniici—

968 2071 1046 2101 ant,
1071 2069 1194 2093 monet
1213 2061 1315 2092 Heln.
1355 2079 1392 2084 -
1427 2067 1494 2092 aut
1518 2061 1630 2094 lactis

966 2118 1186 2161 praestiterit.
1212 2116 1265 2147 Ita
1285 2127 1424 2158 quoque
1437 2118 1630 2159 legendum

967 2182 1086 2207 censet
1105 2173 1238 2207 Iacobs.
1266 2191 1312 2197 —-
1345 2173 1480 2207 vertice
1501 2187 1553 2210 12.
1574 2187 1630 2210 21.

966 2243 1022 2265 22.
1043 2244 1072 2263 v.
1095 2230 1137 2262 ad
1157 2229 1217 2270 Vl,
1237 2227 1316 2261 524.

1014 2289 1069 2332 75.
1095 2287 1155 2319 ille
1178 2297 1229 2319 12.
1259 2287 1311 2319 15.
1334 2287 1386 2320 16.
1410 2299 1461 2331 17.
1487 2290 1626 2334 19-24.

964 2356 1006 2389 27
1030 2357 1047 2376 a
1072 2356 1119 2376 m.
1138 2355 1206 2375 sec.
1224 2343 1280 2377 45.
1309 2352 1341 2376 et
1369 2356 1490 2377 omnes
1524 2346 1627 2378 codd.

964 2403 1070 2435 Paris.
1091 2413 1108 2432 e
1129 2400 1255 2442 quibus
1277 2401 1368 2433 illud
1379 2405 1530 2435 restituit
1541 2403 1629 2437 Ach.

963 2458 1026 2491 illo
1055 2459 1108 2490 25.
1139 2469 1178 2501 27
1210 2471 1228 2489 a
1257 2470 1306 2489 m.
1329 2470 1380 2502 pr.
1405 2461 1460 2504 47.
1486 2461 1541 2494 48.
1561 2461 1627 2494 56-

964 2518 1018 2550 (ιο.
1043 2517 1096 2548 (24.
1117 2514 1170 2548 65.

1009 2573 1063 2616 74,
1092 2573 1239 2605 Partem
1258 2585 1312 2616 77.
1331 2591 1377 2597 —-
1403 2574 1535 2617 ceperit
1554 2575 1608 2606 23.

1013 2629 1067 2674 75.
1091 2636 1146 2662 est
1165 2642 1234 2663 non
1257 2638 1365 2662 exstat
1385 2633 1421 2663 in
1447 2630 1501 2664 24.

1013 2685 1066 2729 76.
1095 2689 1185 2720 sciet
1214 2689 1264 2720 lli.
