1759 3029
238 169 294 197 cx
520 150 751 192 1NnEx
803 151 1137 212 comcvm
1178 151 1331 196 Mss,

235 271 371 324 (Lips.
411 268 528 320 1497.
564 272 606 305 et
652 268 767 316 1507.
824 267 930 305 Ven„
982 268 1098 319 1498.
1155 266 1325 318 Argent.
1371 268 1487 306 1518.
1518 267 1623 305 Hei-

235 340 341 379 delb.
394 331 528 387 1590.)
559 348 582 371 e
622 331 812 372 biblioth.
844 334 1019 372 academ.
1068 333 1172 372 mihi
1211 335 1409 372 benevole
1443 349 1628 372 commo·-

236 408 350 446 davit
370 405 433 442 Ill.
455 404 586 449 Beck,
619 416 710 440 meo
760 405 924 440 nomine
963 409 1126 453 rogatus
1164 403 1211 440 ab
1247 402 1416 440 amiciss.
1448 402 1627 448 ΚίιΙιῃόΖ,

235 474 392 513 Eadem
423 485 563 509 manus
599 476 687 507 tum
721 470 832 507 inter
866 470 1012 517 lineas,
1036 476 1124 507 tum
1159 471 1202 508 in
1238 477 1412 522 utroque
1448 471 1627 519 margine

234 543 382 580 multas
428 538 645 589 adscripsit
693 538 864 588 glossaS,
908 552 929 575 e
975 538 1120 589 quibus
1167 538 1289 574 tacite
1336 537 1526 589 quasdam
1576 536 1625 573 ab

235 610 332 648 Ant.
368 606 616 645 Mancinello
650 605 935 655 transscriptas
974 611 1014 642 et
1043 617 1119 655 pro
1152 605 1234 642 suis
1276 604 1503 642 vcndltatas
1536 604 1628 641 aui-

235 676 448 716 madverti.

351 743 418 783 26,
483 740 836 790 Hamburgensi3‚
868 738 1025 776 formae
1060 744 1238 786 octavae,

236 825 357 865 quem
385 811 429 847 in
461 810 548 859 ipsa
583 805 831 845 bibliotheca
877 807 1082 844 senatoria
1116 820 1206 844 cum
1243 805 1338 844 edit.
1370 805 1630 843 Henniniana

235 877 546 931 perhumaniter
596 881 884 926 compararunt
923 874 1208 912 Liehtenstein
1246 879 1288 910 et
1323 872 1629 917 Freudentlzeil,

237 946 308 998 qui
355 958 447 982 eum
488 944 598 980 saec.
649 942 726 979 XI.
768 941 968 992 scriptum
1038 940 1306 991 suspicantur.
1373 940 1452 977 Sed
1497 953 1632 991 neque

235 1013 372 1051 studio
408 1011 693 1057 librariorum,
720 1023 853 1060 neque
887 1008 1115 1046 lectionum
1150 1008 1331 1046 bonitate
1352 1008 1520 1059 insignis
1557 1014 1628 1044 est.

350 1091 415 1127 27.
474 1078 882 1127 Isulenkampianus,

233 1148 564 1186 membranaceus
611 1151 652 1182 et
697 1143 879 1181 eiusdem
923 1142 1079 1180 formae
1117 1142 1399 1193 eleganterque
1441 1141 1631 1201 scriptus,

235 1214 307 1252 sed
351 1214 580 1261 recentior,
617 1225 750 1263 neque
794 1211 926 1260 magni
968 1211 1113 1261 pretii,
1159 1209 1234 1246 etsi
1273 1210 1466 1247 lectiones
1499 1210 1631 1247 inter-

235 1281 333 1319 dum
366 1279 533 1318 exhibet
564 1281 607 1317 in
644 1279 731 1316 aliis
760 1278 1005 1315 membranis
1041 1276 1221 1314 nondum
1264 1283 1456 1328 repertas.
1516 1275 1631 1313 Con-

235 1349 361 1386 sentit
386 1348 627 1399 plerumque
661 1359 753 1383 cum
786 1345 1012 1395 Lipsiensi,
1044 1350 1083 1381 et
1106 1357 1160 1381 ex
1183 1343 1325 1382 eodem
1355 1345 1493 1382 forsan
1514 1343 1631 1382 sonte

231 1415 367 1455 fluxit.
427 1414 526 1451 Fuit
564 1414 660 1452 olim
680 1413 723 1450 in
754 1412 962 1464 praeclara
995 1411 1035 1448 b.
1063 1410 1340 1461 Kulenkampi
1363 1410 1630 1458 bibliotheca3

235 1495 289 1521 ex
335 1495 414 1534 qua
460 1482 530 1533 qui
567 1495 660 1519 eum
701 1480 846 1518 emerit
877 1480 1033 1529 ignoro.
1090 1477 1217 1515 Paulo
1246 1491 1346 1515 vero
1383 1484 1475 1516 ante
1510 1492 1632 1530 quam

234 1548 335 1588 haec
383 1549 626 1599 Goettingae
668 1547 944 1592 vendebatur,
985 1546 1104 1583 illum
1145 1545 1433 1595 benignissime
1478 1545 1527 1583 ad
1565 1559 1633 1583 me

234 1631 318 1655 una
346 1630 440 1653 cum
468 1616 607 1653 multis
643 1614 756 1652 editt.
779 1619 879 1651 antt.
906 1614 1018 1651 misit
1062 1613 1229 1663 Heyne,
1278 1612 1425 1650 unicus
1460 1625 1630 1664 praece-

236 1691 333 1737 ptor
362 1697 476 1722 meus
508 1683 727 1733 fautorque
749 1681 1093 1732 generosissimus,

506 1749 752 1787 CODEX
799 1748 944 1786 ROB.
992 1746 1365 1785 STEPHANI.

349 1820 415 1857 28.
474 1818 607 1855 Codex
636 1825 817 1854 vetustus
846 1816 948 1853 Rob.
980 1815 1195 1866 Stephani,

235 1886 353 1923 cuius
401 1885 538 1922 variae
579 1885 777 1922 lectiones
819 1883 869 1920 ad
921 1883 1072 1919 calcem
1122 1881 1217 1919 edit.
1259 1878 1456 1932 Stephani
1489 1880 1632 1921 Lutet-

242 1954 360 1991 1544.
408 1952 442 1989 8.
488 1949 882 2002 deprehenduntur,
925 1962 1026 2001 quae
1068 1949 1197 1986 bonae
1240 1948 1405 2000 quidem
1445 1948 1631 1999 plerum-

237 2033 317 2072 que
351 2023 445 2056 sunt
479 2025 520 2055 et
553 2019 602 2056 ab
639 2017 804 2068 optimis
828 2016 1053 2054 editoribus
1086 2020 1285 2067 receptae.
1344 2015 1426 2054 Sed
1455 2015 1633 2067 Stepha-

234 2100 312 2125 nus
342 2099 487 2137 paucas
521 2091 680 2122 tantum
715 2083 919 2131 enotavit,
952 2082 1009 2129 (v.
1034 2097 1066 2119 c.
1091 2082 1136 2119 in
1159 2083 1240 2119 Sat.
1270 2082 1349 2123 IX¹>
1381 2083 1436 2121 X.
1464 2089 1506 2120 et
1533 2083 1631 2124 XII,

235 2167 318 2192 non
362 2153 439 2189 nisi
472 2166 618 2200 unam,
648 2152 691 2189 in
726 2152 809 2192 Sat,
844 2150 918 2188 III.
951 2155 992 2186 et
1021 2150 1140 2189 XIII.
1163 2151 1300 2198 binas,
1337 2151 1381 2188 in
1412 2151 1492 2188 Sat.
1513 2151 1565 2188 II.
1591 2156 1633 2189 et

236 2220 332 2258 VII.
355 2220 506 2268 trinas)
541 2232 673 2270 neque
707 2220 841 2269 ipsum
875 2216 1059 2255 codicem
1099 2219 1330 2255 accuratius
1365 2217 1591 2269 descripsit.

351 2300 418 2339 29.
493 2286 739 2324 CODEX
796 2284 1276 2334 BASILEENSIS,

238 2368 262 2392 e
298 2368 378 2407 quo
415 2356 656 2391 varietatem
684 2352 872 2391 lectionis
893 2358 1129 2402 excerptam
1152 2351 1266 2388 dedit
1300 2351 1559 2390 VVetstenius
1587 2352 1632 2391 in

239 2420 335 2459 edit.
373 2421 542 2459 Amstel.
598 2422 714 2460 1684.
739 2422 774 2459 8.
812 2419 884 2457 ubi
914 2424 1051 2456 tamen
1079 2419 1253 2457 ulterior
1288 2419 1374 2456 eius
1408 2419 1631 2471 descriptio

236 2488 394 2529 frustra
428 2490 650 2541 quaeritur.

296 2555 446 2594 ALII
487 2554 796 2594 CODICES
836 2554 919 2593 AB
959 2554 1149 2592 ALIIS
1185 2552 1586 2592 MEMORATI.

238 2624 410 2664 Praeter
443 2620 542 2671 hos,
571 2633 672 2674 quos
696 2623 776 2660 iam
802 2623 992 2660 recensui·
1005 2649 1018 2666 ‚
1050 2620 1209 2659 codices
1237 2621 1318 2659 viri
1348 2621 1459 2659 docti
1477 2620 1628 2672 passim

238 2691 285 2730 in
318 2690 622 2729 commentariis
656 2690 899 2742 scriptisque
933 2690 1015 2727 suis
1044 2688 1261 2727 laudarunt
1292 2689 1391 2726 alios
1429 2693 1471 2726 et
1499 2687 1632 2725 varias
