1759 3029
251 94 306 135 70
597 79 651 119 D.
708 80 844 120 IVN.

902 78 1284 119 IVVENALIS

251 192 462 233 Delatore
490 191 676 234 forent?
727 192 931 249 Dispersi
959 200 1175 249 protenus
1204 191 1327 248 algae

251 259 544 315 Inquisitores
581 269 764 316 agerent
791 275 894 301 cum
924 258 1094 315 remige
1126 258 1265 310 nudo,

220 338 225 339 ⁷
250 327 353 368 Non
386 326 629 369 dubitaturi
661 327 905 383 fugitivum
936 327 1083 368 dicere
1113 327 1286 384 piscem

249 394 586 450 Depastumque
616 395 693 436 diu
723 395 896 437 vivaria
918 396 1145 446 Caesaris,
1182 393 1288 436 inde

249 461 468 517 Elapsum
498 470 699 504 veterem
742 463 796 503 ad
826 462 1063 504 dominum
1093 462 1256 504 debere
1286 459 1469 501 reverti.

251 528 296 570 Si
327 530 434 584 quid
464 529 687 582 Palfurio,
728 530 764 571 si
795 531 1019 571 eredimus
1050 529 1305 580 Armillato,

252 595 489 652 Quidquid
515 599 808 655 conspicuum
840 598 1142 654 pulcrumque
1173 605 1237 638 est
1266 609 1461 650 aequore
1499 603 1609 647 toto,

252 664 339 706 Res
368 665 462 707 fisci
494 674 580 717 est,
621 666 894 720 ubicumque
923 673 1056 706 natat.

577 733 673 774 Iam
701 733 879 775 letifero
920 733 1102 774 cedente
1131 730 1309 788 pruinis

250 732 319 773 Ne
349 742 517 789 pereat.

1114 662 1371 706 Donabitur
1404 676 1527 719 ergo,
1584 662 1639 704 55

250 800 536 847 Auctumno,
566 801 657 843 iam
687 809 951 857 quartanam
983 799 1266 857 sperantibus
1298 799 1457 854 aegris,

251 865 476 909 Stridebat
506 867 720 910 deformis
749 869 909 926 hyems
942 867 1245 924 praedamque
1275 873 1503 907 recentem

252 932 491 976 servabat:
532 934 683 977 tamen
713 936 786 977 hic
812 944 1054 994 properat,
1096 935 1222 976 velut
1248 941 1404 989 urgeat
1433 933 1610 975 Auster.

251 1000 401 1056 thue
425 1003 546 1044 lacus
568 1003 792 1050 suberant,
814 1004 906 1055 ubi,
930 1018 1202 1059 quamquam
1226 1001 1387 1052 diruta,
1413 1009 1560 1043 servat
1589 1000 1644 1043 60

250 1068 407 1123 Ignem
438 1071 694 1113 Troianum
724 1080 767 1113 et
794 1072 979 1116 Vestam
1018 1071 1125 1112 colit
1152 1070 1265 1111 Alba
1291 1069 1531 1120 minorem,

255 1135 436 1178 Obstitit
462 1137 650 1181 intranti
681 1139 896 1181 miratrix
936 1140 1068 1182 turba
1095 1151 1360 1195 parumper.

296 1301 354 1335 48.
379 1301 534 1347 dispersi
552 1305 694 1347 (immo
719 1307 917 1350 dispersae)

243 1366 428 1402 protenus
453 1362 532 1394 alni
549 1365 569 1406 ζ
581 1364 614 1395 11.
629 1376 656 1395 ε.
669 1366 811 1396 navium
828 1377 919 1395 nau-

253 1415 434 1458 fragarum
455 1427 488 1450 et
506 1419 762 1462 dispersarum)
789 1421 927 1465 Inqui-r

253 1472 399 1512 sitores,
428 1477 547 1516 quales
572 1486 668 1508 eraut
687 1476 864 1508 Palfurius
888 1485 920 1508 et

253 1525 463 1562 Armillatus
482 1555 491 1571 ‚
742 1532 919 1565 Graevius.

553 1533 692 1565 emend.

256 1581 489 1619 Praestitisset
509 1587 582 1620 alti
611 1588 743 1632 (maris)
763 1589 922 1633 inquisi-

254 1644 373 1681 tores,
412 1645 468 1674 vel
500 1645 578 1676 alto
612 1646 669 1688 (in
708 1647 818 1686 mari,
860 1658 922 1688 per

255 1708 353 1730 mare
382 1701 487 1732 etiam
518 1702 686 1745 dispersi)
718 1704 774 1734 vel
815 1702 924 1734 aulae

254 1753 519 1801 Inquisitores)
541 1761 565 1791 i.
588 1772 616 1791 e.
639 1759 811 1792 delatores
830 1759 922 1791 Cae-

253 1813 351 1844 saris.
405 1813 475 1845 Sed
504 1816 644 1858 vulgata
675 1817 780 1848 lectio
811 1818 922 1859 aptis-

256 1878 356 1899 eima.

303 1924 358 1957 55.
395 1925 594 1970 Palplzzcrio
617 1926 674 1963 56.
708 1930 763 1962 6ο.
792 1928 847 1962 65.
868 1929 922 1972 71.

255 1981 427 2027 quficrz'o
452 1994 503 2027 17.
529 1995 567 2027 19
582 1996 672 2017 -22.
718 1985 920 2030 Parplzutz‘o

260 2048 312 2071 11.
328 2057 375 2063 —-
393 2039 453 2072 vel
468 2040 627 2072 creditur
649 2053 661 2073 1
673 2053 700 2074 1.

305 2105 359 2139 54.
396 2117 440 2137 ex
470 2117 625 2151 aequore
647 2118 697 2140 10.
721 2107 772 2140 14.
791 2117 845 2152 27.
865 2107 920 2140 45.

257 2161 313 2205 57.
349 2162 402 2205 74.
436 2162 475 2194 in
495 2174 650 2207 aequore
675 2165 725 2198 15.
767 2176 922 2209 aequore

260 2225 342 2253 toto
363 2225 421 2252 est
442 2230 493 2252 12.
519 2233 562 2252 ex
589 2232 744 2266 aequore
762 2227 844 2253 toto
867 2227 922 2253 est

264 2287 314 2320 19.
336 2287 389 2309 20.
409 2286 463 2308 21.
485 2276 622 2311 25-25.
635 2279 679 2312 46
691 2278 779 2312 -50.
796 2278 851 2312 55.
866 2278 921 2311 58.

260 2331 316 2365 61.
331 2331 374 2365 65
385 2352 406 2357 -
417 2333 471 2377 ὃς).

301 2388 359 2422 55.
384 2395 494 2422 natet
515 2392 570 2425 20.

305 2453 360 2488 56.
384 2456 424 2487 In
439 2456 613 2496 omnibus,
625 2467 708 2498 quas
731 2453 814 2495 vidi,
828 2453 925 2486 editt.

260 2519 338 2555 post
349 2519 483 2555 pereat
506 2524 649 2545 comma.
664 2521 696 2544 et
708 2519 784 2555 post
804 2512 927 2557 aegris

260 2576 434 2615 punctum
459 2570 649 2612 reperitur,
685 2580 754 2612 quo
786 2580 926 2612 prorsus

264 2623 422 2661 mrbauu·
439 2637 521 2658 vera
538 2626 572 2660 h.
594 2627 619 2659 1.
641 2627 822 2663 sententia.

1024 1305 1078 1350 57.
1104 1304 1314 1338 Auctumno
1334 1305 1456 1346 scripsi
1476 1314 1541 1346 pro
1558 1302 1643 1336 Au·-

977 1370 1124 1401 tumno,
1162 1363 1330 1404 quoniam
1357 1360 1440 1391 haec
1466 1372 1529 1392 vox
1559 1360 1641 1392 for-

977 1429 1069 1452 mata
1084 1428 1133 1451 cst
1146 1419 1188 1450 ab
1203 1430 1338 1463 augere
1351 1418 1405 1449 vel
1425 1423 1584 1456 auctum,
1604 1425 1644 1450 ut

979 1483 1110 1508 auctor
1132 1484 1165 1506 et
1188 1475 1418 1513 auctoritas,
1452 1486 1506 1516 ap.
1532 1474 1640 1508 Dion.

979 1531 1202 1577 αὗκτώριτας.
1247 1530 1430 1563 Accedunt
1450 1530 1584 1575 lapides
1611 1538 1646 1564 et

979 1592 1152 1633 inscriptt.

1027 1665 1081 1698 53.
1094 1665 1215 1709 hyems
1223 1666 1352 1697 rectius
1364 1665 1527 1698 scribitur
1537 1676 1646 1707 quam.

979 1722 1111 1762 hiems,
1144 1735 1163 1754 a
1193 1721 1257 1754 Gr.
1285 1720 1354 1763 ῧω,
1399 1723 1506 1766 pluo;
1550 1722 1645 1754 unde

979 1782 1121 1824 proprie
1141 1788 1190 1811 est
1209 1781 1328 1823 pluvia
1354 1790 1393 1811 ac
1420 1780 1527 1811 tristis
1548 1787 1646 1811 tem-

978 1846 1103 1880 PCStaS·

1023 1912 1078 1956 59.
1104 1912 1189 1944 hinc
1205 1910 1260 1955 49.
1286 1912 1395 1944 50.—
1414 1918 1572 1957 urgueat
1583 1924 1644 1945 re·-

977 1968 1185 2012 ponendum
1223 1968 1360 2000 videtur
1399 1981 1464 2011 pro
1497 1975 1644 2015 urgeat,

979 2027 1147 2067 quoniam
1174 2025 1267 2056 illud
1294 2027 1330 2057 in
1371 2027 1513 2069 optimis
1544 2026 1645 2058 libris

977 2083 1204 2122 minimisque
1227 2084 1410 2124 reperitur,
1436 2091 1474 2114 ut
1498 2082 1645 2127 tinguo,

979 2149 1103 2183 unguo
1129 2140 1173 2172 al.
1204 2151 1234 2171 v.
1265 2139 1356 2172 Pier.
1377 2139 1419 2171 ad
1440 2138 1537 2181 Virg.
1557 2139 1645 2173 Aen·

979 2195 1011 2236 5,
1031 2206 1108 2228 202.
1131 2204 1164 2227 et
1185 2194 1292 2229 Drak.
1313 2196 1357 2228 ad
1377 2196 1442 2229 Sil.
1464 2197 1497 2236 6,
1521 2195 1599 2229 265.

1024 2272 1080 2305 60.
1106 2273 1208 2306 lucus
1224 2272 1278 2306 (³5.
1294 2293 1340 2299 —-
1357 2273 1533 2306 suberant
1546 2285 1576 2306 ι.
1587 2273 1643 2307 28.

981 2331 1026 2361 al.
1059 2329 1208 2362 suberat
1235 2333 1286 2364 15.
1316 2330 1472 2364 subeunt
1501 2342 1538 2375 17
1558 2343 1576 2362 a
1594 2342 1645 2363 m.

981 2399 1033 2430 pr.
1056 2386 1212 2419 subeant
1237 2388 1286 2419 ri.
1308 2399 1344 2430 17
1366 2399 1383 2418 a
1407 2399 1455 2420 111.
1479 2400 1546 2420 sec.
1578 2399 1644 2419 su-

973 2450 1111 2488 perant
1140 2444 1199 2485 (h.
1219 2457 1248 2476 e.
1274 2451 1455 2478 transeunt
1483 2444 1558 2476 scil.
1583 2444 1642 2486 pi·-

982 2509 1093 2533 scator
1116 2509 1150 2533 et
1172 2502 1409 2543 inquisitores)
1432 2511 1463 2532 2.
1481 2499 1514 2532 3.
1532 2498 1564 2532 5.
1591 2510 1642 2532 11.

983 2558 1038 2594 68.
1061 2558 1116 2601 71.
1163 2557 1234 2590 Sed
1252 2570 1280 2590 v.
1301 2557 1443 2589 Comm.

1029 2628 1083 2662 61.
1110 2638 1153 2661 ac
1173 2638 1226 2672 27.
1247 2627 1302 2673 47.
1322 2624 1376 2661 48.
1395 2623 1450 2659 50.
1471 2624 1525 2659 64.
