1759 3029
245 194 273 241 6
474 236 479 239 .
591 197 646 237 D.
701 196 841 237 IVN.

893 195 1287 236 IVVENALIS

245 296 454 375 Semper
486 333 568 375 ego
603 319 780 362 auditor
811 321 1019 362 tantum?
1071 332 1363 374 nunquamne
1398 330 1630 374 reponam,

242 386 347 430 Vex
352 395 447 427 11115
476 387 608 428 toties
637 388 760 429 rauci
794 388 1016 428 Theseide
1047 386 1223 428 Codri?

243 454 436 510 Impune
467 468 572 510 ergo
602 454 715 496 mihi
746 456 1003 497 recitaverit
1029 455 1106 495 1110
1146 462 1327 509 togatas,

242 521 328 562 Hic
358 521 539 576 elegos?
589 522 778 578 impune
810 522 929 564 diem
958 521 1255 563 consumserit
1283 521 1440 575 ingens

243 587 497 644 Telephus,
529 597 605 630 aut
633 589 798 630 summi
827 590 962 646 plena
990 590 1080 630 iam
1121 588 1323 643 margine
1361 586 1467 628 libri
1608 585 1634 627 5

240 654 447 710 Scriptus
479 663 521 695 et
548 656 597 696 in
626 664 752 711 tergo
783 671 865 696 1100
897 656 1006 697 (111111
1033 655 1186 696 finitus
1223 654 1438 695 Orestes?

324 722 440 763 Nota
468 723 610 777 magis
640 723 753 762 nulli
785 723 944 762 domus
975 731 1040 761 est
1069 737 1169 771 sua,
1201 735 1335 774 quam
1363 720 1477 762 mihi
1506 720 1635 764 lucus

240 789 400 833 Martis
432 797 475 830 01
504 787 674 829 Aeoliis
703 788 908 829 vicinum
936 787 1126 844 rupibus
1157 795 1339 827 antrum

240 849 451 898 Vulcani.

513 853 637 911 Quid
667 864 797 911 agant
829 855 972 906 venti,
1014 868 1120 909 quas
1150 861 1358 909 torqueat
1395 854 1579 896 umbras

238 923 437 974 Aeacus,
466 922 586 963 unde
618 923 730 963 alius
760 921 956 963 furtivae
997 921 1185 962 devehat
1223 936 1385 961 aurum

1586 933 1636 963 10

239 990 505 1042 Pelliculae‚
538 998 724 1045 quantas
753 990 975 1030 iaculetur
1003 988 1260 1045 Monychus
1292 1003 1443 1040 ornos,

589 1119 877 1153 VARIETAS
924 1119 1281 1152 LECTIONVM.

498 1207 582 1240 SAT.
608 1206 635 1240 I.

287 1275 320 1296 9..
345 1261 487 1296 tociens
519 1276 574 1297 22.
610 1264 663 1298 26.
689 1263 744 1297 45
770 1262 825 1297 46.
855 1263 909 1307 47.

239 1319 295 1364 49.
318 1322 362 1352 al.
390 1321 528 1353 tollens
559 1322 608 1354 14.
632 1323 682 1354 15.
706 1320 757 1353 16.
780 1333 833 1352 21.
855 1320 909 1353 25.

239 1376 361 1410 24.60.
383 1378 427 1408 al.
452 1378 484 1409 h.
499 1380 523 1410 l.
545 1387 577 1410 et
596 1380 735 1421 passim,
762 1386 799 1409 ut
817 1389 911 1422 quo-

240 1435 359 1473 tiens,
398 1433 637 1479 formonsus,
680 1435 909 1473 vicensimas,

239 1500 428 1534 aquen-ms
447 1499 479 1521 01
495 1493 625 1523 similia
642 1493 677 1524 iu
698 1500 782 1524 autt.
804 1491 908 1523 codd.

238 1545 313 1577 Sed
338 1547 466 1578 falsam
494 1548 582 1579 hauc
612 1560 681 1580 csse
702 1552 910 1592 scripturam

239 1611 275 1633 et
302 1602 383 1634 inde
407 1604 623 1645 profectam,
666 1605 760 1647 quod
780 1615 911 1637 veteres

239 1658 407 1700 Romani,
449 1662 475 1692 si
497 1660 718 1702 Quintiliano
742 1661 826 1692 fides
846 1662 912 1693 lla-

237 1715 371 1755 bench,
399 1719 534 1759 apicem
556 1719 625 1748 sive
646 1719 815 1750 lineolam
845 1731 907 1751 su-

236 1774 502 1815 perscripserint
554 1775 733 1807 vocalibus
782 1777 908 1817 longis,

238 1829 311 1860 iam
331 1828 468 1861 dudum
486 1844 525 1863 ac
543 1840 637 1864 recte
656 1834 910 1874 suspicatisunt

237 1884 397 1927 Lipsius,
428 1886 557 1920 Cellar.
578 1896 611 1918 et
629 1890 700 1920 alii.
729 1907 774 1912 ——
804 1888 911 1919 Codri

237 1941 401 1982 legerunt
426 1942 565 1975 Servius
583 1943 624 1975 ad
653 1944 750 1985 Virg.
767 1944 853 1976 Aen.
877 1945 907 1978 Ῐ.

239 1998 274 2029 'ct
293 1996 501 2038 Priscianus,
528 2000 721 2042 eademque
746 2002 850 2032 lectio
871 2002 903 2033 h.

238 2055 263 2086 l.
285 2063 318 2086 et
348 2055 411 2086 inf.
439 2055 501 2096 ΙΙΙ,

237 2112 313 2144 fere
344 2111 466 2152 codd„

239 2170 444 2200 auctoritate
475 2171 649 2211 firmatur3

528 2058 603 2089 2103.
632 2057 710 2089 208.
743 2060 905 2090 omnium

517 2116 622 2146 etiam
656 2114 906 2155 Parisinm-um,

699 2182 763 2202 1100
783 2171 906 2212 obstat,

238 2225 338 2270 quod
365 2237 495 2258 nomen
518 2236 566 2259 est
586 2227 762 2260 Graecum
783 2237 816 2259 et
834 2228 907 2260 Co-

239 2281 333 2322 drus,
360 2283 422 2316 inf.
444 2283 495 2314 111
509 2309 518 2323 ‚
545 2284 609 2316 203
632 2297 702 2327 scq.
724 2296 904 2316 memora—

237 2347 303 2379 tus,
331 2341 389 2382 qui
409 2352 471 2382 pro
494 2341 619 2373 eodem
632 2343 738 2383 vulgo
757 2341 905 2373 habetur

237 2395 410 2437 homine,
447 2397 600 2430 Graecus
634 2399 770 2431 videtur
803 2407 905 2441 poeta

238 2454 358 2493 fuisse,
386 2454 479 2496 quod
496 2466 538 2485 ex
551 2454 611 2494 III,
625 2454 699 2487 206.
728 2456 904 2499 probabili

237 2510 371 2543 iudicio
405 2513 594 2553 colligitur.
656 2512 905 2554 Antiquiorem

240 2579 380 2610 qnoque
406 2577 545 2611 poetam
569 2570 670 2603 Rom.
695 2572 740 2602 ita
768 2570 903 2602 dictum

240 2626 366 2666 fuisse,
407 2628 503 2657 cuius
534 2628 754 2659 mentionem
782 2627 903 2658 feeerit

239 2681 385 2724 Valgius
403 2684 437 2714 in
451 2683 581 2724 Eleins
601 2685 683 2723 suis,
704 2683 805 2716 docet
817 2683 902 2715 Ser-

240 2740 315 2772 vius
334 2739 377 2772 ad
387 2739 483 2783 Virg.
504 2739 578 2772 Ecl.
597 2740 672 2783 VH,
692 2752 734 2774 22
753 2752 825 2785 seq.
848 2740 902 2773 De

968 1208 1037 1239 alio
1068 1206 1185 1238 Codro
1208 1219 1239 1238 v.
1268 1207 1419 1238 Martial.
1443 1206 1488 1240 ΙΙ.
1516 1206 1571 1250 57.
1593 1205 1634 1247 V,

968 1263 1023 1296 26.
1072 1264 1179 1295 Cordi
1203 1276 1229 1295 1.
1256 1264 1288 1296 8.
1316 1272 1349 1295 01
1373 1265 1451 1304 alii,
1485 1267 1570 1295 test'e
1596 1276 1636 1295 ae

967 1321 1220 1364 prob.Barthio
1238 1321 1381 1352 Advers.
1402 1321 1434 1360 I,
1458 1333 1511 1354 21.
1539 1320 1636 1362 quod

968 1378 1034 1409 hoc
1057 1380 1171 1420 potius
1198 1390 1328 1409 nomen
1354 1380 1400 1409 sit
1425 1379 1635 1409 Romanum.

968 1434 1070 1466 Idem
1091 1443 1208 1466 tamen
1235 1443 1357 1466 monet
1374 1460 1383 1476 ‚
1416 1437 1527 1477 poetis
1553 1436 1636 1466 talia

967 1503 1037 1522 esse
1055 1491 1150 1534 κωφὰ
1170 1491 1338 1535 πρόςωπα,
1351 1493 1405 1522 vel
1419 1493 1561 1522 nomina
1574 1486 1635 1522 suo

967 1557 1104 1579 tantum
1124 1560 1205 1579 aevo
1229 1557 1320 1588 nota,
1344 1560 1430 1590 quae
1452 1548 1578 1580 frustra
1602 1555 1635 1580 et

968 1605 1086 1645 inepte
1110 1607 1275 1645 requiras.

1015 1660 1047 1694 5.
1079 1661 1278 1704 leeleplms
1302 1662 1355 1695 14.
1378 1659 1430 1693 15.
1452 1659 1502 1693 16.
1515 1671 1569 1695 20.
1580 1659 1634 1693 24.

967 1730 1019 1761 27.
1042 1719 1097 1751 45.
1114 1720 1158 1750 al.
1195 1719 1265 1750 Sed
1286 1719 1427 1750 Graecis
1439 1725 1637 1749 constanter

971 1774 1120 1818 Τήλεφος
1134 1775 1271 1815 dicitur,
1288 1777 1347 1806 etsi
1370 1786 1499 1806 110111οι1
1519 1774 1585 1805 hoe
1603 1775 1635 1806 01

966 1831 1121 1862 inditunl
1138 1830 1206 1864 ἀπὸ
1227 1832 1285 1874 τῆς
1306 1830 1637 1875 θηλὴνῧποσχούσης

965 1887 1092 1929 ἐλάφου
1115 1890 1231 1930 inepte
1254 1888 1470 1921 fabulantur.
1492 1907 1539 1912 —-·
1562 1889 1636 1921 iam

958 1942 1071 1986 pleno
1104 1943 1156 1975 13.

1008 2000 1039 2033 6,
1062 2005 1199 2043 atergo
1213 2011 1266 2044 29.
1279 2009 1312 2031 et
1323 1999 1392 2032 duo
1413 2000 1516 2032 codd.
1527 2000 1634 2034 Paris.

962 2077 1009 2081 —
1032 2057 1192 2088 nondum
1205 2057 1256 2090 15.
1282 2069 1333 2102 19·
1344 2069 1396 2102 29.
1423 2066 1457 2090 et
1474 2057 1507 2089 X
1528 2057 1633 2090 codd.

962 2115 1067 2149 Paris.

1011 2171 1043 2203 8.
1070 2169 1248 2202 inclusum
1290 2182 1353 2213 pro
1396 2172 1554 2204 vicinum
1587 2170 1630 2204 N.

965 2229 1083 2261 Heius.
1120 2228 1163 2259 ad
1198 2228 1319 2260 Sabini
1350 2229 1459 2271 Epist.
1486 2226 1546 2269 III,
1573 2240 1629 2271 91.

963 2294 996 2318 01
1018 2286 1132 2319 valer.
1148 2285 1264 2319 Flacc.
1290 2285 1331 2324 V,
1357 2284 1434 2320 642,
1461 2284 1522 2317 sed
1546 2291 1631 2317 me·-

962 2344 1105 2380 moriac,
1132 2344 1265 2385 opinor,
1293 2343 1405 2384 lapsu.

1008 2412 1040 2444 9.
1080 2398 1237 2431 Volcani
1260 2402 1296 2431 in
1321 2400 1497 2442 plerisque
1525 2397 1628 2432 codd.

963 2459 1102 2499 legitur,
1129 2465 1166 2488 ut
1186 2456 1332 2495 voltus,
1361 2455 1513 2500 volgus,
1547 2454 1629 2487 vol-

963 2526 1054 2554 nus,
1093 2513 1235 2552 volsus,
1271 2524 1357 2554 quae
1377 2514 1546 2554 scriptura
1563 2523 1628 2555 pro

961 2571 1154 2611 antiquiore
1178 2570 1294 2602 haberi
1312 2571 1412 2610 solet,
1437 2569 1496 2601 sed
1513 2561 1628 2600 iudice

960 2629 1094 2672 He31130
1113 2629 1147 2659 111
1168 2627 1314 2658 Praefat.
1328 2638 1433 2658 novae
1450 2625 1531 2657 edit.
1541 2625 1627 2657 Vir-

960 2686 1021 2726 gil.
1046 2697 1079 2727 p.
1100 2696 1182 2716 xxn.
1204 2684 1501 2726 pronuntiationi,
1545 2694 1627 2713 me-

960 2740 1036 2774 diae
1063 2743 1154 2775 iuter
1176 2741 1311 2775 fuscam
1337 2747 1371 2773 et
1398 2738 1627 2781 liquidiorem
