1759 3029
211 158 258 183 vi
687 139 1115 182 PRAEFATIQ

210 288 277 342 ge
314 266 689 323 molestissimi
719 266 876 321 fuere
903 258 1154 339 primum
1182 261 1401 317 collatio
1428 270 1592 318 octo-⁴

210 357 360 430 ginta
384 356 603 411 circiter
628 354 905 423 codicum,
937 354 1028 409 vel
1050 372 1224 408 manu
1246 351 1591 426 scriptorum

210 445 302 500 vel
323 446 469 518 typis
497 465 855 512 excusorum,
880 464 1024 518 quos
1049 462 1226 516 paene
1253 461 1448 497 omnes
1469 441 1592 514 ipse

214 554 248 589 a
289 534 566 607 principio
612 534 683 588 ad
731 533 901 588 finem
940 531 1292 605 comparavi,
1357 549 1592 585 eorum-

215 643 327 697 que
365 624 602 690 notatiO,
655 622 954 695 descriptio
994 633 1047 675 et
1078 622 1136 676 in
1161 619 1388 674 ordines
1423 630 1594 692 atque

217 712 420 766 classes
443 711 789 779 distributim
831 707 1032 762 deinde
1057 708 1220 760 lectio
1246 720 1597 765 commenta-

214 801 460 867 riorum,
503 801 598 873 qui
627 799 895 871 temporis
929 797 1205 851 iacturam
1240 796 1428 851 fructu
1464 795 1598 851 inde

214 900 481 964 percepto
496 888 822 960 neutiquam
838 887 1281 958 compensabant
1299 897 1352 939 et
1368 886 1425 939 in
1440 883 1598 940 He'n-

215 977 443 1032 niniana
487 975 728 1030 editione
769 995 1027 1030 seorsum
1061 974 1132 1029 ad
1169 976 1429 1047 quemvis
1464 993 1600 1028 ver-

218 1086 376 1134 sum,
410 1066 584 1121 altero
625 1066 861 1119 alterum
884 1065 941 1119 in
971 1064 1089 1118 aliis
1112 1064 1240 1117 libri
1259 1063 1473 1137 paginis
1498 1082 1602 1117 ex-

220 1155 474 1228 cipiente,
503 1165 660 1208 erant
681 1152 1008 1223 evolvendi3
1044 1152 1287 1226 denique
1322 1152 1601 1209 confectio

219 1243 424 1300 Indicis
456 1263 649 1297 rerum
681 1243 1107 1314 verborumque
1140 1241 1431 1297 uberrimi.
1486 1240 1604 1296 Tot

221 1345 275 1386 et
295 1345 472 1387 tantas
498 1331 847 1388 difficultates
880 1352 944 1386 ac
968 1331 1253 1386 molestias
1287 1331 1331 1384 si
1366 1342 1605 1403 reputa-

219 1422 402 1475 verint
435 1424 601 1495 aequi
628 1421 835 1477 harum
858 1441 1055 1476 rerum
1091 1419 1322 1487 iudices,
1355 1439 1469 1474 non
1492 1418 1605 1473 mi-

220 1511 495 1565 rabuntur
541 1511 827 1583 profecte,
881 1509 1139 1566 nondum
1183 1509 1353 1563 fuisse
1398 1528 1606 1582 quem-

223 1618 412 1672 quain,
444 1599 540 1671 qui
565 1612 781 1654 tantum
804 1600 908 1653 sibi
935 1599 1164 1666 laboriS‚
1194 1610 1472 1671 quantum
1503 1617 1606 1672 ego

220 1689 552 1761 receperim,
597 1689 814 1764 imponi
854 1700 1142 1762 pateretur
1198 1699 1253 1742 et
1293 1688 1353 1741 in
1403 1684 1609 1741 eodem

223 1777 562 1851 perferendo
591 1789 911 1830 constanter
935 1775 1610 1847 perseveraret‚'1nultos-·

227 1882 339 1936 que
382 1861 654 1916 destitisse
703 1881 734 1916 a
773 1862 1005 1917 consilio
1054 1861 1259 1917 edendi
1303 1863 1608 1932 IuvenaliS,

226 1953 340 2009 iani
370 1950 467 2005 din
498 1963 684 2006 mente
716 1950 934 2025 agitato,
968 1964 1061 2006 aut
1091 1952 1251 2006 oneri
1273 1953 1609 2008 succubuis—

229 2061 303 2096 se.
381 2039 560 2097 Iidem
591 2060 706 2093 non
743 2059 923 2112 pauca
954 2041 1099 2096 forte
1141 2041 1274 2096 Vitia
1315 2041 1610 2099 condona-

228 2130 371 2187 bunt
394 2130 460 2196 ei,
476 2130 571 2203 qui
593 2130 809 2202 primns
823 2131 953 2185 talia
971 2132 1255 2200 moliatur,
1274 2152 1389 2188 non
1410 2131 1609 2205 ignari,

231 2219 558 2276 hominibus
583 2220 749 2273 etiam
774 2219 937 2294 longe
959 2220 1304 2277 doctioribus
1329 2220 1609 2296 obrepere

233 2308 470 2364 subinde
509 2328 774 2364 somnum
803 2309 860 2363 in
897 2331 1067 2384 opere
1095 2325 1211 2367 tam
1239 2323 1398 2366 vasto
1429 2321 1483 2364 et
1513 2329 1608 2366 ar-

235 2398 369 2466 due,
401 2418 584 2471 neque
620 2399 871 2454 animum
912 2400 1097 2475 vigere
1136 2421 1358 2476 semper
1392 2413 1447 2454 et
1479 2400 1609 2454 satis

235 2501 396 2544 acute
418 2487 629 2556 videre,
649 2487 859 2543 nedum
882 2490 1018 2557 eim,
1054 2492 1143 2546 cui
1160 2480 1423 2546 Herculei
1445 2490 1609 2544 labo-

236 2597 328 2634 res
362 2578 440 2635 illi
463 2577 670 2636 fuerint
691 2578 1009 2637 exantlandi
1039 2592 1095 2636 et
1116 2601 1298 2657 neque
1318 2600 1518 2657 magna
1537 2578 1607 2635 li-
