1759 3029
262 181 343 228 356
765 177 1135 221 EXCVRSVS

260 301 325 339 58.
359 300 423 339 60.
479 297 705 337 Aeoenetoe
742 297 829 348 ipse
861 297 924 348 59.
997 297 1227 335 Acoenetus
1259 299 1346 348 ipse
1385 296 1553 337 11.,14.
1590 303 1653 344 17,

261 380 325 408 21.
349 381 412 408 22.
471 367 696 405 Aeoenitus
718 367 805 416 ipse
838 364 902 403 50.
936 365 999 402 55.
1031 364 1208 403 61ῆ63.
1238 366 1289 404 65
1312 387 1344 393 ⁹--
1371 364 1435 414 69.
1477 374 1525 411 71
1545 364 1653 409 ,⁷74-

261 448 324 485 77.
349 435 456 487 quod
480 434 654 472 credunt
675 446 761 470 esse
788 446 937 469 nomen
962 432 1029 469 vel
1043 434 1270 484 proprium,
1294 434 1361 470 vel
1378 431 1518 468 ficium
1545 430 1593 467 ab
1626 424 1656 470 o?

259 504 364 555 priv.
406 509 446 540 et
485 496 623 548 κοινὸς
661 501 727 538 vel
757 496 958 548 κοινότης,
1006 506 1054 536 ut
1098 500 1333 550 designetur
1380 498 1525 545 homo,
1583 496 1654 548 qui

261 571 327 608 sui
352 576 523 618 tantum,
549 584 631 607 non
655 569 880 606 communis
912 567 1115 604 commodi
1144 569 1346 605 rationem
1377 565 1533 602 habeat.
1595 563 1654 602 Il-

259 639 332 678 lud
357 641 459 689 ipse,
484 638 594 692 quod
616 639 658 675 in
679 637 884 688 plerisque
917 634 1032 672 libris
1062 635 1224 684 legitur,
1251 636 1298 672 ab
1330 634 1492 683 ingenio
1515 632 1654 670 homi-

259 708 335 757 nis,
357 707 542 744 lacunam
570 718 710 743 versus
737 702 953 754 explentis,
987 701 1225 753 profectum
1250 702 1428 741 videtur.

648 838 684 875 E
731 837 776 875 X
822 835 855 874 c
900 837 942 874 v
986 836 1025 874 R
1074 836 1101 873 s
1146 836 1188 875 V
1234 836 1262 874 s

733 939 792 977 ad
819 938 904 977 Sat.
936 938 1054 985 vm,
1091 906 1178 986 147.

331 1030 625 1080 Damasippus
637 1042 689 1066 ex
710 1042 804 1066 ιο-
821 1030 950 1067 1214
966 1053 995 1058 ψ-
1009 1039 1074 1077 27.
1091 1029 1142 1065 45
1155 1029 1267 1066 --50.
1285 1027 1459 1078 54—69.
1478 1040 1526 1076 71
1540 1028 1659 1077 δ74.

264 1113 327 1152 77.
359 1099 631 1149 omnibusque
667 1097 785 1133 MSS.
818 1096 944 1133 Paris.
973 1102 1135 1146 praeter
1166 1096 1336 1134 Putean.
1367 1097 1528 1134 restitui
1557 1095 1596 1133 h.
1625 1096 1653 1133 1.

262 1176 305 1207 et
333 1182 370 1206 v.
406 1168 494 1207 151.
527 1171 569 1202 et
606 1164 692 1208 167.
724 1164 795 1201 ubi
825 1169 942 1201 vetus
968 1161 1102 1200 Schol.
1133 1169 1284 1211 monet,
1314 1164 1371 1201 ita
1398 1164 1476 1214 legi
1504 1165 1547 1201 in
1565 1163 1655 1201 aliis

262 1236 379 1275 codd.
450 1233 563 1271 Haec
592 1233 716 1269 lectio
758 1231 947 1269 firmatur
990 1231 1173 1268 omnium
1213 1231 1302 1268 sere
1340 1231 1541 1269 librorum
1578 1245 1654 1269 au-

260 1304 454 1342 ctoritate
487 1306 529 1337 et
566 1297 604 1336 h.
638 1299 664 1335 l.
695 1299 900 1349 aptissima
930 1304 1002 1335 est.
1061 1298 1178 1335 Picto
1217 1298 1384 1336 nomine
1419 1298 1655 1349 designatur

260 1373 328 1411 vir
356 1369 506 1408 nobilis
536 1373 577 1404 et
619 1362 903 1418 ὃαμάσιππος,
949 1365 1130 1403 domitor
1160 1380 1382 1417 equorum,
1432 1368 1502 1418 qui
1536 1367 1655 1417 vulgo

262 1439 434 1478 Graecis
467 1432 696 1485 ἱππόδαμος
740 1433 903 1470 dicitur.
945 1446 984 1470 v.
1014 1432 1170 1470 Comm.
1213 1433 1262 1470 ad
1302 1432 1330 1481 Ι,
1362 1435 1425 1484 59.
1485 1435 1653 1471 Dama—

261 1511 411 1558 sippus
450 1503 573 1541 etiam
614 1514 838 1550 cognomen
879 1500 961 1537 suit
988 1500 1176 1537 Liciniae
1219 1502 1349 1551 gentis
1381 1508 1422 1538 et
1451 1502 1656 1540 notissimi

260 1572 481 1617 PraetoriS,
511 1569 581 1621 qui
618 1567 846 1605 Carbonem
876 1566 1112 1613 interfecit3
1167 1569 1222 1615 (v.
1251 1568 1400 1606 Vellei.
1431 1552 1489 1615 11,
1508 1570 1573 1608 26.
1614 1575 1656 1606 et

261 1643 348 1681 Cic.
377 1640 426 1678 ad
455 1639 551 1675 Div.
590 1635 660 1683 IX,
695 1632 778 1683 21.)
814 1647 889 1672 nec
929 1646 1013 1671 non
1044 1634 1142 1683 eius,
1186 1635 1255 1685 qui
1293 1641 1444 1673 statuas
1485 1638 1655 1685 amabat,

262 1710 313 1748 de
341 1722 421 1761 quo
445 1720 483 1744 v.
515 1705 663 1742 Horat.
695 1703 776 1740 Sat.
808 1702 863 1747 ΙΙ,
907 1703 945 1740 3.
975 1700 1060 1739 Cic.
1092 1701 1143 1740 ad
1171 1703 1256 1741 Att.
1298 1702 1397 1752 XII,
1421 1716 1484 1756 29.
1516 1705 1579 1743 33.
1613 1710 1656 1741 et

263 1778 315 1815 ad
340 1777 438 1814 Div.
464 1773 560 1819 VII,
593 1772 657 1812 23.

374 1877 612 1913 Lateranus
644 1883 707 1920 70.
736 1872 800 1919 75.
833 1870 897 1919 76.
939 1872 1002 1909 81.
1030 1872 1094 1910 82.
1124 1871 1211 1909 cod.
1242 1872 1335 1909 Put.
1376 1879 1417 1909 et
1447 1885 1479 1911 1.
1509 1867 1584 1911 inf.
1615 1887 1653 1910 v.

267 1946 355 1993 157.
415 1941 476 1980 Ita
505 1953 667 1992 quoque
695 1938 945 1989 significatur
975 1939 1148 1991 quilibet
1184 1940 1333 1977 nobilis
1356 1940 1443 1978 ,vel
1473 1954 1654 1978 summus

259 2013 542 2063 magistratus:
586 2007 664 2043 nisi
703 2020 749 2044 re
777 2019 877 2044 vera
904 2007 996 2043 talis
1027 2006 1123 2043 olim
1152 2006 1379 2045 Lateranus
1406 2007 1526 2044 vixit.
1586 2007 1655 2045 Ex

260 2079 336 2118 hac
360 2075 515 2116 familia
539 2073 784 2110 clarissimus
821 2073 902 2109 suit
926 2073 1110 2109 Plautius
1133 2072 1375 2121 Lateranus,
1407 2073 1653 2110 Messah'nae

262 2146 424 2185 adulter
460 2148 502 2179 et
529 2139 681 2178 Consul
707 2140 937 2190 designatus
973 2153 1004 2176 a.
1030 2139 1082 2177 U.
1118 2139 1162 2176 C.
1193 2137 1468 2187 DCCCXIX,
1507 2154 1586 2192 quo
1612 2142 1655 2178 in

261 2214 473 2252 Neronem
509 2208 742 2246 conjuravit
775 2213 817 2244 et
851 2207 1008 2244 occisus
1045 2212 1115 2243 est.
1151 2220 1189 2244 v.
1222 2206 1318 2244 Tac.
1342 2207 1448 2244 Ann.
1479 2207 1556 2255 XI,
1587 2208 1652 2246 50.

262 2282 328 2320 36.
360 2277 480 2325 XIII,
516 2287 575 2315 11.
600 2275 698 2322 XV,
729 2276 794 2326 49.
829 2274 892 2312 60.
952 2275 1256 2311 Lateranorum
1287 2276 1479 2326 egregiae
1516 2276 1651 2319 aedes,

262 2358 435 2401 quarum
457 2343 613 2381 mentio
649 2341 697 2379 fit
731 2342 804 2379 inf.
829 2341 885 2388 X,
921 2350 982 2389 17.
1007 2342 1107 2378 sitae
1132 2341 1176 2378 in
1210 2339 1352 2378 Coelio
1383 2347 1534 2389 monte,
1572 2355 1653 2393 quo

262 2416 354 2454 loco
385 2410 532 2451 deiude
568 2414 781 2447 exstructa
809 2407 861 2445 D.
899 2405 1091 2461 Iohannis
1122 2407 1240 2445 aedes
1269 2421 1382 2445 sacra
1405 2415 1446 2446 et
1478 2409 1653 2453 basilica,

263 2496 366 2535 quae
395 2495 418 2518 a
451 2477 720 2516 Constantino
752 2476 810 2513 M.
848 2474 956 2513 dono
989 2474 1082 2512 data
1116 2482 1178 2512 est
1211 2476 1441 2526 Sflvestro,
1494 2490 1651 2514 summo

261 2546 467 2594 Pontifici,
501 2551 543 2583 et
562 2544 685 2594 vulgo
706 2554 815 2580 nunc
840 2544 1099 2581 Lateranum
1140 2542 1303 2582 dicitur.
1364 2541 1482 2581 Cous.
1514 2549 1652 2580 notata

263 2617 307 2654 in
324 2616 422 2655 Var.
457 2614 572 2651 Lect.
599 2610 647 2650 ad
665 2610 759 2658 VII,
787 2611 872 2661 159.
