1759 3029
271 189 373 215 xxn.
651 172 816 213 VITA
872 171 1271 212 IVVENALIS

571 284 633 332 Α.
670 290 727 333 Is.
769 288 816 332 C.
856 291 965 333 820.
1039 288 1215 331 Christi
1285 288 1365 351 67.

775 358 1012 400 Iuvenalis
1086 358 1160 400 26.

376 458 431 501 L.
458 456 650 502 Fonteio
677 459 898 517 Capitone
931 469 974 503 et
1010 459 1058 502 C.
1094 459 1212 501 Iulio
1242 458 1366 501 Rufo
1403 459 1662 502 consulibus

278 525 342 585 (v.
367 529 422 570 ad
445 527 532 569 Sat.
564 528 699 581 XIII,
744 529 813 570 16.
847 528 940 587 17.)
971 528 1017 569 P.
1050 528 1267 584 Egnatius
1310 527 1442 570 Celer
1485 527 1661 569 Stoicus

273 595 392 638 :falso
424 600 679 638 testimonio
716 598 896 638 adiuvat
927 598 1264 638 damnationem
1284 596 1465 639 Bareae
1486 596 1664 648 Sorani,

278 666 488 722 discipuli
521 670 739 720 amicique
771 668 865 716 sui,
903 669 982 720 qui
1016 666 1254 721 exemplar
1297 674 1393 707 erat
1436 668 1664 707 virtutum

277 740 322 775 et
353 732 607 776 Proconsul
640 731 776 774 Asiae
808 730 970 774 fuerat.
1000 748 1040 775 v.
1067 735 1123 776 ad
1151 732 1241 776 Sat.
1269 732 1311 786 I,
1343 734 1419 776 33.
1443 732 1532 786 III,
1571 731 1666 774 116·

276 816 340 857 sq.
364 810 410 843 et
440 800 545 854 VII,
575 816 649 859 91.

594 934 654 979 A.
691 933 740 978 C.
781 935 839 978 V
881 936 989 978 821.
1065 935 1242 978 Christi
1276 935 1354 979 68.

800 1003 1037 1046 Iuvenalis
1077 1020 1097 1047 2
1114 1022 1151 1065 7.

371 1103 570 1146 Neronis
636 1106 807 1148 scelera
864 1113 908 1148 et
957 1109 1174 1163 ineptias,
1256 1119 1368 1159 quae
1414 1104 1504 1146 Sat.
1539 1101 1664 1157 VIII,

280 1174 371 1229 193
395 1199 417 1203 —
442 1173 550 1216 230.
569 1182 806 1227 notantur,
834 1175 1066 1217 vindicant
1092 1174 1362 1230 V'itginias,
1403 1173 1590 1215 Vindex
1622 1180 1668 1215 et

278 1238 439 1282 Galba.
475 1256 516 1283 v.
549 1241 637 1285 Sat.
667 1242 803 1294 VIII,
869 1258 978 1285 221.
1027 1258 1134 1285 222.
1210 1241 1278 1283 Eo
1317 1256 1441 1284 caeso
1491 1256 1668 1283 summa

270 1312 453 1366 imperii
479 1310 683 1354 defertur
716 1312 771 1353 ad
801 1311 1011 1352 Servium
1042 1310 1297 1368 Sulpicium
1332 1308 1552 1361 Galbam,
1588 1313 1669 1366 qui

269 1386 373 1435 post
419 1384 684 1422 octennium
719 1396 779 1422 ex
820 1379 1043 1437 Hispania
1084 1379 1278 1421 Romam
1311 1380 1521 1421 redierat.
1589 1377 1666 1419 Ab

269 1445 357 1487 hoc
375 1447 717 1500 Quintilianum
737 1464 795 1490 ex
811 1448 1035 1506 Hispania
1045 1448 1391 1498 Tarraconensi,
1415 1452 1541 1490 cuius
1559 1461 1665 1504 opp.

271 1513 538 1571 Calagurris
576 1521 669 1558 eius
697 1520 848 1575 patria
886 1517 996 1568 fuit,
1045 1518 1291 1559 admodum
1332 1517 1668 1557 adolescentem

269 1582 357 1624 hoc
395 1599 516 1625 anno
556 1584 752 1627 Romam
795 1586 1073 1643 perductum
1105 1601 1222 1638 esse,
1260 1586 1401 1627 tradit
1430 1584 1669 1639 Hierony-

269 1667 370 1693 mus
400 1656 448 1693 in
481 1652 652 1695 Chron.
724 1653 849 1704 Quae
884 1657 920 1694 si
955 1669 1061 1695 vera
1111 1662 1219 1694 sunt
1253 1662 1297 1695 et
1339 1652 1668 1705 Quintilianus,

271 1721 325 1762 de
356 1735 446 1775 quo
481 1725 561 1763 vix
588 1722 794 1764 dubitare
826 1725 999 1778 possis,
1033 1720 1268 1779 Hispanus
1302 1720 1411 1773 fuit,
1449 1735 1533 1762 nec
1569 1721 1668 1763 Ro-

269 1804 455 1842 manus,
527 1790 651 1846 quod
690 1790 792 1832 Nic.
835 1789 1060 1845 Gedoyn,
1128 1789 1329 1831 Gallicus
1377 1792 1470 1830 eius
1519 1792 1667 1830 inter-

270 1873 398 1916 preS‚
432 1858 762 1909 contendebat3
785 1857 1020 1914 probabile
1055 1865 1150 1908 cst,
1194 1857 1331 1897 illum
1362 1859 1452 1898 iam
1492 1855 1666 1899 Romae

270 1926 410 1968 fuisse
439 1933 545 1967 ante
580 1929 828 1983 imperium
873 1924 1072 1976 Galbae,
1118 1928 1287 1982 quippe
1341 1928 1418 1980 qui
1459 1928 1556 1981 ipse
1581 1941 1666 1968 nos

272 1995 404 2036 docet
439 1993 550 2037 Inst.
584 1993 715 2036 Orat.
738 1994 801 2045 X,
844 2009 879 2036 1.
905 2001 950 2034 et
979 1992 1095 2047 XII,
1146 2008 1216 2035 11.
1248 2008 1272 2034 a
1308 2008 1354 2035 se
1394 1996 1555 2035 iuvene
1583 2010 1665 2036 au·
1729 1992 1732 1994 ’

272 2064 418 2105 ditum
454 2078 547 2105 esse
580 2062 842 2105 Domitium
881 2059 1076 2113 Afrum,
1130 2076 1362 2103 sumanum
1416 2069 1664 2116 oratorem,

272 2146 408 2187 quem
443 2135 533 2173 iam
574 2118 610 2174 a.
645 2129 705 2173 V.
735 2147 770 2174 e.
807 2133 916 2174 813.
951 2130 1122 2173 Christi
1155 2130 1231 2173 60.
1272 2137 1512 2173 mortuum
1553 2146 1663 2184 esse,

271 2213 331 2241 ex
391 2200 496 2243 Tac.
544 2199 669 2242 Ann.
714 2199 858 2253 XIV,
918 2215 988 2258 19.
1041 2203 1366 2255 cognoscimus.
1461 2199 1661 2256 Quoquo

271 2269 409 2309 modo
443 2285 488 2310 se
519 2285 589 2310 res
621 2269 808 2323 habeat,
838 2276 1015 2310 constat
1043 2276 1187 2321 certe,
1222 2267 1560 2320 Quintilianum
1582 2284 1664 2310 ex-

272 2338 378 2377 inde
419 2340 579 2393 viginti
621 2353 763 2380 annos
817 2336 1113 2380 Rhetoricam
1181 2340 1231 2378 in
1276 2336 1431 2378 schola
1481 2337 1664 2393 publica

271 2403 445 2446 Romae
477 2405 736 2461 professum
777 2421 883 2449 esse.
916 2423 956 2450 v.
992 2406 1223 2449 Dodwelli
1269 2402 1439 2447 Annal.
1466 2404 1660 2456 Quintil.

275 2472 655 2533 §.12.13.15
701 2484 747 2518 et
789 2474 909 2518 conf.
963 2477 1018 2518 ad
1049 2475 1138 2517 Sat.
1192 2472 1307 2526 VII
1359 2474 1660 2532 188-198.

272 2540 382 2583 Eius
420 2552 691 2601 praeceptor
709 2544 984 2598 Palaemon,
1020 2543 1082 2603 (v,
1103 2544 1157 2586 ad
1197 2542 1285 2584 Sat.
1318 2541 1410 2595 VI,
1458 2541 1660 2600 452.)et

273 2610 486 2668 discipuli
528 2612 766 2656 clarissimi
802 2614 931 2658 suere
973 2613 1149 2658 Plinius
1178 2615 1329 2655 iunior
1374 2619 1418 2654 et
1457 2610 1505 2653 C.
1547 2610 1659 2653 Cae-

272 2678 363 2721 Iius
398 2686 567 2723 oiator.
1632 2686 1643 2695 '
