1759 3029
770 118 862 157 DE
903 117 1163 158 SATIRA

263 135 380 162 vau

256 236 313 274 lio
341 236 506 273 inventa
532 231 734 281 dicuntur,
768 232 816 271 ab
844 234 1075 272 auctoribus
1115 246 1257 272 eorum
1284 233 1636 287 grammaticis-‚que

257 302 448 341 translata
477 306 546 337 est.
602 299 826 339 Enimvero
864 313 996 352 neque
1032 301 1198 339 Graecis
1239 302 1503 352 scriptoribus
1533 301 1634 339 haee

258 369 437 408 carmina
464 374 515 415 et,
544 380 645 418 quae
660 368 781 418 Yngo
806 367 856 405 :iis
882 368 1131 416 tribuuntur,
1157 370 1331 416 nomina,
1363 369 1528 414 Satura,
1552 369 1635 406 Sa-

255 440 339 475 tira
365 442 405 472 et
433 434 593 484 Satyra,
617 441 903 482 memorantur,
939 448 1070 486 neque
1092 435 1284 474 Romanis
1308 441 1376 473 aut
1397 435 1540 472 Satira
1563 448 1636 472 sua

254 517 449 555 umquam
473 502 670 551 Satyriee,
691 508 760 539 aut
779 502 953 553 satyrica
976 502 1226 540 Graecorum
1241 502 1373 553 poesis
1398 515 1426 539 s.
1452 501 1589 539 sabula
1602 515 1634 542 s.

254 572 432 610 dramata
457 569 620 606 Satirae
643 569 711 606 vel
739 556 910 619 Satyraie
937 569 1140 607 dicuntur.
1170 569 1345 606 Romani
1373 582 1532 620 quoque
1561 568 1637 605 Vix

249 639 377 677 ullam
413 637 686 686 satyricarum
719 636 978 686 fabularum,
1032 636 1099 673 vel
1137 636 1311 672 nominis
1352 642 1460 672 certe
1501 633 1636 683 hulus,

250 705 499 745 mentionem
523 702 703 749 saeiunt3
732 715 864 753 neque
890 702 938 739 ab
968 702 1017 738 iis
1046 702 1225 739 carmina
1254 702 1453 739 eiusmodi
1473 704 1636 753 scripta,

250 773 354 823 (nisi
382 770 491 808 sorte
520 783 540 805 a
569 769 750 816 Lucano,
782 768 849 806 cui
887 769 1086 818 satyricae
1114 768 1274 806 fabulae
1299 769 1407 806 XIV
1443 769 1638 806 tribuun-

247 847 328 888 tur,
356 852 456 890 quae
484 843 619 873 tamen
649 835 877 873 cuiusmodi
904 834 1061 872 suerint
1085 849 1168 872 non
1199 833 1368 886 constat)
1399 842 1469 873 aut
1498 833 1638 886 Satyri

248 919 442 957 umquam
469 904 624 940 Romae
653 901 812 939 inducti
840 902 1043 941 videntur.
1105 901 1365 939 Contrarium
1396 909 1505 940 certe
1533 901 1638 941 mihi

247 988 332 1013 non
360 975 659 1024 persuaserunt,
698 970 766 1020 qui
807 976 1030 1020 provocant
1066 968 1116 1006 ad
1153 969 1242 1006 loca
1282 970 1445 1007 Horatii
1480 970 1557 1020 Ep.
1585 968 1638 1007 ad

247 1042 328 1080 Pis.
366 1053 404 1076 V.
444 1049 525 1076 220
549 1037 695 1074 -25o.
736 1037 931 1087 Dionysii
959 1037 1092 1073 Halic.
1124 1037 1218 1084 VII,
1251 1047 1314 1083 72.
1357 1039 1412 1087 (Ρ.
1449 1037 1541 1075 460.
1572 1035 1633 1074 ed.

247 1108 433 1147 Hudson.
465 1111 505 1141 et
544 1104 592 1140 T.
618 1103 692 1140 III.
724 1117 763 1154 p.
801 1104 915 1155 1491.
953 1103 1013 1141 ed.
1044 1103 1206 1154 Reisk.)
1245 1103 1446 1141 Athenaei
1483 1104 1558 1151 VI,
1598 1116 1633 1152 7.

246 1176 306 1226 (p.
323 1174 414 1211 261.
434 1170 494 1208 ed.
516 1170 647 1220 Lugd.
672 1170 789 1208 1612.
809 1169 880 1218 Vl,
899 1173 961 1219 78.
988 1172 1036 1209 T.
1052 1172 1105 1209 ΙΙ.
1128 1186 1166 1223 p.
1194 1173 1286 1210 500.
1303 1171 1363 1208 ed.
1382 1169 1636 1221 Schweigh.)

248 1249 289 1280 et
316 1240 440 1279 Marii
469 1238 675 1275 Victorini
704 1238 773 1275 lib.
805 1238 879 1276 IV.
908 1252 947 1288 p.
978 1239 1100 1290 2591.
1130 1239 1286 1276 collect.
1316 1237 1478 1275 Putsch.
1497 1239 1636 1276 Hora-

243 1310 326 1347 tius
355 1309 380 1345 l.
405 1307 432 1343 1.
462 1319 543 1343 11011
587 1304 637 1341 de
668 1304 959 1353 Romanorum,
997 1305 1068 1343 sed
1101 1306 1152 1344 de
1193 1306 1444 1344 Graecorum
1485 1305 1636 1343 sabulis

243 1375 441 1426 satyriciS,
472 1380 511 1410 et
541 1373 590 1410 de
619 1386 775 1421 norma,
804 1371 854 1408 ad
885 1386 1004 1424 quam
1032 1373 1125 1411 illae
1156 1374 1237 1410 sint
1264 1372 1498 1423 exigendae,
1521 1372 1633 1410 iudi-

247 1444 356 1482 cium
396 1441 479 1479 sert
516 1440 718 1487 criticum,
765 1439 977 1491 docetque,
1003 1453 1121 1491 quam
1161 1441 1361 1478 rafionem
1396 1440 1633 1490 Satyrorum

244 1512 432 1560 scriptor,
473 1508 533 1555 (v.
562 1503 674 1553 235.)
702 1505 742 1543 h.
773 1520 806 1543 e.
850 1507 883 1543 si
929 1507 1015 1558 ipse
1041 1508 1214 1558 satyrica
1240 1508 1438 1544 scriberet
1467 1507 1629 1544 drama-

245 1585 298 1626 ta,
328 1574 573 1627 sequendam
601 1579 775 1624 putaret.
805 1572 849 1594 ⁴0
905 1574 1147 1625 Dionysius,
1188 1574 1257 1625 qui
1296 1580 1336 1610 et
1371 1565 1513 1625 populi
1541 1574 1631 1615 Ro-

242 1645 353 1684 mani
383 1649 423 1679 et
453 1642 634 1679 omnium
666 1643 752 1678 eius
774 1641 929 1679 rituum
959 1642 1157 1691 originem
1195 1654 1217 1676 a
1260 1641 1426 1678 Graecis
1455 1641 1632 1689 deducit,

241 1713 334 1751 illos
365 1712 414 1748 ab
442 1708 583 1747 iisdem
612 1707 736 1746 tradit
761 1706 870 1745 hunc
899 1707 1116 1746 adscivisse
1146 1722 1323 1755 morem,
1363 1714 1408 1745 ut
1437 1710 1482 1746 in
1510 1716 1632 1746 vetu-

243 1779 431 1817 stissimis
462 1774 764 1827 triumphorum
796 1775 953 1826 pompis
991 1789 1075 1812 non
1115 1775 1235 1813 modo
1266 1776 1470 1812 exercitus
1498 1776 1632 1814 victor

242 1847 531 1897 imperatorem
559 1840 892 1892 triumphantem,
930 1842 1000 1879 sed
1028 1843 1150 1880 etiam
1178 1843 1317 1891 Satyri
1355 1856 1631 1894 quoscumque

242 1917 486 1965 spectatores
528 1909 628 1947 iocis
670 1908 868 1960 dictisque
899 1910 1173 1960 petulantibus
1204 1908 1467 1957 lacessierint,
1509 1923 1628 1961 quam

241 1980 438 2030 κέρτομον
470 1977 540 2017 καὶ
580 1971 804 2027 σατυρικήν
839 1972 1013 2016 παιδιάν
1047 1976 1232 2027 appellat.
1300 1976 1375 2014 Ille
1416 1990 1517 2014 vero
1545 1991 1628 2015 non

241 2062 265 2087 a
295 2045 462 2084 Graecis
492 2041 736 2095 repetendus
765 2048 837 2091 esf,
867 2043 937 2081 sed
964 2045 1012 2082 ab
1037 2044 1324 2095 antiquissimis
1354 2044 1488 2097 potius
1520 2050 1627 2082 tem-

961 2176 1077 2196 sorem
1107 2172 1140 2195 et
1169 2164 1452 2205 emendatorem,
1486 2167 1629 2197 suasisse

286 2168 331 2200 4ο
356 2166 494 2206 Koenig
527 2172 626 2206 putat
657 2176 691 2207 p.
710 2164 764 2205 24,
790 2165 905 2196 Hora-

242 2227 332 2259 tium
350 2223 448 2264 loqui
471 2219 513 2251 de
536 2220 665 2264 Satyris
689 2223 829 2262 graecis,
850 2223 904 2253 la-
962 2221 999 2254 id
1017 2221 1231 2262 aequalibus,
1256 2230 1293 2253 ut
1312 2224 1433 2253 relicta
1455 2221 1627 2254 Oscarum

240 2284 314 2314 tino
336 2289 497 2311 sermone
530 2277 720 2318 imitandis,
751 2279 906 2311 Hui-dius

240 2340 275 2370 in
297 2336 436 2368 Comm.
465 2333 508 2365 ad
538 2333 626 2376 Epp-
655 2336 773 2367 Horat.
797 2335 857 2378 (T.
878 2336 907 2367 Ι.

243 2406 324 2438 pag.
348 2393 420 2436 175.
440 2403 525 2423 vers.
553 2391 744 2436 Eschenb.)
773 2393 907 2426 Horatii

241 2460 352 2483 aetate
377 2451 483 2480 oscas
502 2459 666 2490 personas
696 2451 732 2481 in
753 2450 907 2481 Romana

240 2518 342 2539 scena
364 2505 493 2548 Satyris
513 2508 670 2546 cessisse3
710 2507 771 2539 sed
792 2507 902 2538 Eich-

239 2563 353 2596 staedt
372 2574 406 2605 p.
428 2562 479 2603 78.

237 2630 390 2664 poeseos,
419 2630 505 2661 quae
528 2620 617 2651 inter
645 2621 817 2652 Romanos
849 2623 904 2653 vi-

528 2563 724 2603 Horatium,
749 2565 902 2595 scenicae

236 2678 361 2722 guerit,
382 2677 746 2718 intelligentissimum
771 2686 804 2709 et
819 2689 905 2711 cen-

962 2289 1189 2322 personarum
1218 2278 1441 2319 ignobilitate
1473 2277 1626 2310 Graecos

965 2334 1105 2379 Satyros
1136 2334 1409 2373 introducerent,
1439 2336 1627 2378 paululum

965 2400 1081 2425 tamen
1103 2393 1185 2424 illos
1210 2393 1339 2435 politos
1369 2400 1403 2424 et
1433 2391 1477 2423 ad
1497 2394 1626 2425 saeculi

965 2450 1176 2492 elegantiam
1206 2449 1396 2491 formatos;
1451 2451 1625 2482 incertum

961 2515 1079 2540 autem
1099 2519 1170 2539 esse
1198 2507 1319 2547 nobis,
1362 2516 1480 2539 utrum
1501 2518 1539 2537 ea
1569 2518 1623 2538 res

962 2572 1124 2596 eventum
1149 2564 1326 2604 habuerit,
1364 2577 1407 2596 an
1426 2566 1516 2597 intra
1534 2572 1629 2596 cond

961 2622 1031 2654 silii
1055 2622 1138 2654 fines
1160 2622 1304 2654 steterit.
