1759 3029
563 101 993 142 PRAEFATIO.
1261 111 1263 113 ’
1421 116 1469 142 lx

85 228 337 285 totidem
365 227 569 302 plagis
605 225 997 281 consumimus
1041 222 1304 300 hostem!
1351 224 1466 280 Ae-

83 340 261 393 quam
282 320 479 374 saltem
501 330 555 371 et
576 317 871 371 liberalem
887 333 1188 369 censuram
1214 317 1340 389 quis
1365 336 1466 370 ex-

84 422 299 483 spectet
336 406 760 473 abhominibus
800 401 1124 480 Helheokz'o
1154 405 1470 479 similibus?

80 499 186 572 qui
224 497 570 564 adolescenS,
606 497 707 550 etsi
751 496 868 549 sine
906 494 991 548 ira
1024 505 1080 547 et
1113 493 1295 548 studio
1331 498 1470 551 scri—

82 588 260 661 psisse
286 586 390 641 sibi
409 587 564 649 visus
590 599 691 654 est,
727 585 939 640 rustica
972 596 1161 637 tamen
1191 596 1244 637 et
1268 584 1472 646 Archi-

80 675 270 731 lochia
293 689 389 730 aut
415 677 803 747 Hipponactea
844 675 902 727 in
935 693 1027 727 me
1062 672 1298 727 subinde
1323 673 1472 730 effu-

83 763 164 818 dit
198 764 430 818 dicteria
461 765 518 831 in
550 761 741 816 {ibello
766 763 1054 835 singulari,
1081 763 1139 817 in
1177 783 1292 837 quo
1324 785 1474 820 non-

81 853 235 908 nulla
257 851 491 926 quidem
521 864 692 918 recte,
737 871 852 905 non
876 849 1135 918 diffiteor,
1180 865 1234 906 et
1266 875 1472 929 magno

84 963 216 997 cum
241 943 476 1015 strepitu
499 941 757 997 iuvenilis
779 941 1067 995 iactantiae
1098 941 1239 995 mihi
1262 964 1475 1018 expro—

81 1030 287 1099 bravit,
336 1030 436 1085 sed
470 1031 832 1105 plerumque,
866 1030 964 1085 ubi
998 1051 1089 1085 me
1133 1032 1478 1092 insimulavit

82 1121 422 1195 ineptiarum
444 1122 535 1175 vel
568 1120 808 1175 ridicula
848 1133 902 1175 et
919 1119 1168 1176 absurda
1201 1123 1342 1177 mihi
1372 1146 1475 1180 ex-

86 1210 284 1265 cidisse
311 1210 543 1278 censuit,
580 1211 674 1281 (ita
710 1211 861 1264 enim
898 1211 1122 1264 amabat
1144 1211 1300 1284 loqui
1330 1227 1383 1268 et
1416 1217 1474 1272 in

85 1321 152 1354 eo
178 1300 282 1354 sibi
319 1300 603 1374 placebat)
662 1300 756 1354 illa
795 1300 1110 1373 expromsit
1145 1301 1263 1374 ipse
1302 1317 1356 1358 et
1395 1307 1475 1361 ri-

85 1388 255 1444 dendi
296 1390 592 1445 materiam
626 1389 899 1462 praebuit.
988 1389 1144 1443 Haec
1175 1411 1310 1447 vera
1354 1416 1476 1452 esse

83 1480 300 1553 patebit
330 1500 400 1534 ex
430 1480 568 1536 Var.
615 1479 769 1533 Lect.
802 1491 857 1531 et
891 1478 1141 1548 Comm.,
1176 1481 1233 1535 in
1268 1485 1474 1556 quibus
1554 1532 1555 1535 ,

86 1571 295 1636 omnia,
334 1581 451 1622 tam
475 1569 545 1621 ab
571 1589 657 1637 eo,
705 1571 900 1640 (quom
921 1568 1035 1622 iam
1057 1582 1182 1623 ante
1211 1570 1316 1626 hos
1349 1588 1476 1631 octo

87 1676 266 1712 annos
288 1658 399 1711 fato
422 1656 680 1711 functum
705 1676 826 1710 esse
861 1677 1012 1711 nunc
1045 1657 1279 1715 demum
1301 1666 1477 1719 resei-

85 1746 161 1814 vi,
197 1758 501 1819 postquam
534 1745 840 1800 editionem
879 1745 1027 1801 hanc
1059 1748 1174 1803 iam
1219 1751 1477 1807 subiece-

88 1832 416 1907 ram‘prelo)
459 1853 634 1905 quam
671 1834 740 1887 ab
766 1835 886 1887 aliis
919 1835 1011 1888 vel
1042 1848 1193 1890 recte
1219 1840 1310 1893 vel
1340 1861 1476 1915 per-

87 1942 291 1998 peram
315 1934 505 1977 notata
522 1922 784 1976 recensui
806 1934 859 1975 et
880 1922 945 1976 iis
961 1924 1319 1996 potissimum
1343 1951 1477 1987 een-

93 2013 335 2080 sorib11S‚
372 2011 486 2085 qui,
519 2032 699 2085 quum
733 2031 908 2066 novas
930 2012 1036 2085 ipsi
1066 2014 1478 2077 meditarentur

90 2101 370 2158 Iuvenalis
413 2099 706 2170 editiones,
748 2102 1021 2157 acerrime
1059 2104 1117 2158 in
1148 2126 1240 2160 me
1273 2109 1479 2168 inverti

95 2194 240 2260 sunt,
260 2191 551 2259 nonnulla,
571 2191 670 2245 sed
691 2191 1029 2262 humaniter,
1048 2197 1333 2268 respondi,
1354 2221 1479 2255 me.-

92 2300 222 2336 mor
273 2281 586 2336 verborum
625 2293 826 2356 poetae
870 2282 1008 2338 mei:
1081 2283 1325 2360 Semper
1372 2310 1478 2363 ego

97 2369 337 2423 auditor
386 2371 661 2424 tantam?
731 2391 1119 2445 mcquasmme
1160 2381 1483 2449 reponam?

98 2459 320 2526 Quodsi
357 2478 492 2513 vero
529 2462 749 2534 saepius
779 2461 885 2534 ipsi
919 2462 998 2516 1111
1019 2463 1288 2520 labuntur
1312 2481 1479 2542 atque

99 2568 132 2603 a
173 2568 310 2604 vero
352 2550 633 2619 aberrant,
686 2551 785 2626 qui
837 2552 1002 2606 unice
1058 2553 1116 2607 id
1158 2570 1327 2630 agunt
1376 2579 1480 2633 per
