1759 3029
253 176 327 219 192

610 163 664 204 D.
709 162 850 204 IVN.
889 163 1292 204 IVVENALIS

243 277 400 321 Prima
434 277 529 321 fere
556 286 669 322 vota
701 287 747 322 et
775 284 948 323 cunctis
977 283 1215 323 notissima
1249 280 1435 338 templis

245 345 470 400 Divitiae3
499 356 704 393 crescant
733 357 786 391 ut
823 363 956 405 opem,
998 357 1051 390 ut
1081 353 1281 391 maxima
1312 357 1413 391 toto

244 414 418 457 Nostra
439 419 495 457 sit
518 431 619 458 arca
642 416 758 459 foro.

242 482 499 526 Fictilibus.-

827 417 914 458 Sed
943 418 1072 459 nulla
1101 421 1280 460 aconita
1314 418 1534 460 bibuntur
1570 419 1630 462 25

557 485 691 527 Tunc
725 485 807 527 illa
837 489 970 536 time,
1015 500 1156 540 quum
1189 486 1356 542 pocula
1387 501 1536 528 sumes

243 551 485 594 Gemmata
518 561 562 594 et
592 553 685 594 lato
715 552 924 595 Setinum
963 555 1136 595 ardebit
1166 557 1216 594 in
1251 568 1377 594 auro.

241 619 397 662 Iamne.
438 624 576 677 igitur
607 622 786 673 laudas,
823 622 946 675 quod
983 623 1035 663 de
1072 621 1349 677 sapientibus
1385 622 1502 664 alter

238 688 455 741 Ridebat,
497 694 673 745 quoties
704 691 758 731 de
789 690 946 730 limine
974 697 1181 730 moverat
1209 703 1356 731 unum

238 755 593 813 Protuleratque
621 757 808 814 pedem3
844 755 979 797 flebat
1008 759 1264 799 contrarius
1301 754 1492 798 auctor?

1564 758 1627 800 30

240 824 328 868 Sed
365 824 509 866 facilis
541 829 680 867 cuivis
716 827 849 880 rigidi
882 840 1071 867 censura
1117 824 1352 867 cachinni:

237 892 508 949 :Mirandum
540 902 630 946 est,
671 895 792 935 unde
822 894 902 934 ille
938 894 1079 935 oculis
1120 893 1347 934 suffecerit
1376 891 1558 935 humor.

236 959 468 1018 Perpetuo
505 966 600 1003 risu
631 962 902 1019 pulmonem
938 966 1106 1017 agitare
1152 961 1326 1003 solebat

235 1028 553 1082 Democritus,
598 1045 874 1085 quamquam
910 1045 1006 1071 non
1039 1036 1189 1072 essent
1221 1029 1407 1072 urbibus
1448 1028 1541 1069 illis

234 1096 481 1139 Praetexta
512 1106 556 1139 et
595 1100 800 1152 trabeae,
851 1098 1015 1150 fasces,
1058 1099 1237 1149 lectica,
1276 1097 1491 1138 tribunal.

1562 1097 1626 1139 35

233 1164 379 1216 Quid,
426 1169 463 1207 si
498 1169 682 1209 vidisset
713 1167 982 1209 Praetorem
1016 1166 1223 1206 curribus
1268 1165 1371 1205 altis

231 1231 507 1274 Exstantem
537 1239 582 1272 et
613 1234 762 1275 medio
794 1233 1037 1274 sublimem
1070 1236 1120 1273 in
1150 1233 1341 1290 pulvere
1372 1232 1494 1275 Circi

279 1398 336 1431 24.
372 1404 414 1430 ut
443 1403 612 1430 crescant
638 1409 723 1443 opes
760 1409 812 1432 10.
847 1398 900 1431 15.

231 1461 403 1490 crescant
436 1459 472 1485 et
500 1465 584 1497 opes
612 1466 668 1487 22.
719 1456 897 1496 Divitiae,

234 1517 409 1545 crescant
442 1522 526 1554 opes
570 1522 692 1555 17-19
725 1524 743 1542 a
770 1524 823 1555 pr.
849 1525 899 1545 m.

229 1569 398 1604 Divitiae
418 1574 459 1600 ut
472 1573 654 1607 crescant,
679 1573 719 1599 ut
739 1579 823 1612 opes
835 1568 900 1601 61-

227 1625 285 1671 69.
307 1638 343 1663 71
362 1644 383 1650 ·-
397 1627 450 1669 73.
476 1637 531 1669 77.
569 1625 736 1657 Divitiae
759 1631 799 1656 ut
818 1637 898 1657 cre-

226 1688 339 1715 scant
359 1688 395 1713 et
420 1693 504 1725 opes
530 1682 581 1713 111.
605 1682 694 1713 forte
717 1684 845 1714 rectius
864 1691 898 1714 et

228 1747 415 1782 receptum
433 1738 475 1769 ab
495 1738 581 1770 Ach.
603 1740 667 1770 nisi
688 1739 825 1770 doctior
849 1746 898 1770 est

226 1798 335 1828 lectio
363 1803 500 1828 nostra:
534 1795 661 1826 Prima
679 1794 764 1839 fere
791 1801 893 1836 vota,

226 1853 263 1885 h.
304 1865 335 1885 e.
367 1859 532 1885 votorum
565 1860 772 1893 argumenta
815 1861 895 1884 sunt

225 1909 380 1941 divitiae
403 1917 468 1941 cet.
517 1909 634 1940 Minus
657 1909 745 1940 mihi
766 1908 896 1941 arridet

224 1967 399 1997 sententia
419 1966 586 2005 Iacobsii,
613 1967 673 2007 qui
693 1973 811 2008 putat,
836 1967 894 1997 le-

225 2021 390 2064 gendum
420 2033 491 2053 esse
516 2022 704 2062 Divitiae,
749 2027 787 2052 et
813 2035 893 2054 cre-

223 2084 337 2110 scant
357 2083 399 2110 ut
422 2089 528 2121 opes,
561 2077 713 2119 binaque
744 2078 891 2111 indicari

221 2143 302 2167 vota
315 2159 324 2176 ,
343 2146 557 2178 paupermu,
583 2134 717 2167 divitias
738 2136 803 2167 sibi
827 2147 890 2167 ex-

222 2192 446 2235 optantium,
467 2200 501 2224 et
520 2192 669 2224 divitum
684 2217 692 2232 ‚
726 2194 785 2234 qui
804 2203 889 2235 pre-

223 2257 371 2290 centur,
396 2257 435 2281 ut
454 2248 592 2281 divitiae
611 2257 778 2282 crescant.

267 2304 325 2338 28.
375 2306 511 2338 Nonne
534 2303 586 2337 16.
612 2323 658 2330 -
685 2305 812 2338 laudes
833 2304 887 2338 16.

223 2366 276 2405 17.
291 2373 353 2406 19.
373 2374 427 2395 20.
450 2363 504 2395 25.
526 2362 583 2395 45.

268 2429 325 2462 29.
375 2431 399 2450 α
424 2419 547 2452 limine
576 2430 713 2452 10—12.
744 2420 884 2463 15-27;

217 2474 263 2507 45
277 2494 296 2499 -
311 2475 364 2507 5ο.
397 2476 451 2509 54.
481 2479 535 2510 55.
567 2477 608 2521 57
621 2495 640 2501 -
653 2476 707 2509 65.
737 2476 780 2510 65
795 2497 816 2503 -
829 2476 883 2522 69.

219 2541 260 2573 71
274 2549 295 2556 —
311 2532 364 2576 75.

264 2587 320 2620 50.
348 2589 557 2621 contrarius
576 2588 670 2621 alter
686 2601 737 2622 10.
752 2602 804 2624 12.
822 2602 884 2635 17-

219 2656 273 2689 27.
293 2645 435 2678 45-50.
458 2645 532 2678 51-
545 2648 598 2690 69.
617 2658 655 2691 71
669 2667 690 2672 -
703 2648 755 2689 74.
779 2659 832 2692 77.
850 2655 884 2679 et

218 2699 355 2733 XXXII
384 2701 485 2733 MSS.
515 2702 632 2735 Paris..
658 2704 757 2747 prob.
796 2703 882 2736 Ach.

958 1404 1091 1431 auctor
1115 1409 1143 1430 1.
1177 1398 1254 1431 cod.
1285 1398 1363 1432 Put.
1397 1407 1431 1430 et
1462 1398 1531 1431 duo
1562 1399 1621 1431 alii

960 1455 1068 1488 Puris.

1004 1513 1058 1544 51.
1085 1513 1144 1544 cui
1162 1513 1217 1544 vis
1238 1512 1290 1545 15.
1304 1512 1357 1545 16.
1402 1512 1518 1556 rigidi
1540 1511 1620 1544 cui—

957 1569 1014 1601 vis
1033 1570 1077 1600 al.

1001 1625 1057 1657 53.
1084 1629 1181 1656 esset
1200 1625 1237 1656 in
1260 1636 1298 1669 ¹9
1319 1637 1336 1656 a
1357 1637 1406 1657 m.
1420 1637 1472 1667 pr.
1499 1631 1620 1658 essent

955 1695 1018 1727 pro
1040 1687 1135 1713 esset
1166 1683 1321 1713 revocavi
1342 1694 1381 1714 ex
1408 1693 1459 1715 11.
1483 1683 1552 1716 15-
1567 1694 1618 1728 17.

958 1752 1028 1784 19—
1044 1750 1098 1770 22.
1117 1739 1156 1771 61
1170 1758 1190 1763 -
1204 1739 1259 1771 65.
1282 1738 1336 1783 76.

998 1795 1052 1829 55.
1101 1795 1346 1836 Praetextae,
1381 1794 1531 1829 trabeae
1565 1808 1616 1829 11.

958 1854 1008 1886 15.
1042 1852 1142 1895 prob.
1173 1853 1342 1885 Schurzfl.
1377 1855 1436 1895 qni
1463 1854 1617 1895 putabat,

953 1911 1115 1942 librarios
1142 1911 1236 1941 male
1259 1912 1453 1951 geminasse
1475 1911 1616 1945 literam

951 1969 1105 2011 primam
1122 1968 1214 1998 vocis
1250 1965 1412 1998 trabeae.

1000 2023 1055 2056 523.
1081 2023 1115 2055 si
1119 2028 1328 2066 praetorem
1339 2024 1491 2056 vidis-set
1504 2035 1558 2056 22.
1567 2043 1614 2050 ——

947 2080 1121 2112 victorem
1161 2090 1226 2121 pro
1269 2080 1478 2112 Praetorem
1520 2083 1612 2114 coni.

948 2136 1132 2168 Schrader.
1159 2153 1205 2159 —
1236 2135 1275 2166 in
1299 2135 1461 2168 curribus
1482 2138 1533 2169 16.
1557 2139 1613 2171 25.

947 2205 1001 2237 27.
1021 2194 1182 2226 45—50.
1213 2192 1255 2226 55
1269 2192 1354 2236 -69.
1385 2205 1422 2236 71
1437 2195 1522 2237 -74.
1555 2206 1611 2239 77.

946 2258 980 2281 et
1025 2249 1171 2291 quidam
1215 2249 1318 2281 codd.
1361 2249 1466 2282 Paris.
1535 2250 1609 2284 Sed

945 2307 1086 2338 omissio
1105 2308 1370 2349 praepositionis
1380 2306 1535 2340 Iuvenali
1546 2319 1608 2339 so-

943 2363 1075 2406 lenuis3
1111 2371 1169 2395 aut
1196 2364 1347 2396 librariis
1370 2375 1471 2406 saepe
1490 2365 1608 2398 tribu-

943 2419 1042 2453 enda.

985 2477 1041 2521 57.
1074 2477 1182 2509 medii
1213 2488 1264 2510 ιο.
1295 2489 1346 2510 11.
1381 2476 1520 2521 15-17.
1549 2488 1605 2511 20.

940 2544 996 2566 21.
1019 2535 1074 2567 21.
1093 2536 1148 2568 56.
1168 2535 1221 2578 59.
1251 2533 1305 2566 60.
1328 2533 1383 2567 65.
1413 2552 1458 2558 —
1488 2532 1604 2566 subli-

940 2590 1190 2634 mempulvere
1224 2602 1276 2623 1ο.
1307 2601 1359 2623 11.
1393 2592 1444 2623 15.
1466 2602 1601 2633 17-21.

939 2647 995 2680 45.
1031 2647 1405 2691 sublimemepulvere
1427 2647 1475 2679 16.
1511 2646 1601 2691 §ub—

939 2703 1020 2737 lime
1031 2701 1181 2754 pulbere
1207 2718 1255 2738 12.
1274 2725 1319 2732 --
1340 2704 1519 2746 Equidem
1538 2713 1598 2736 tca-
