1759 3029
578 100 1005 141 PRAEFATIO.
1456 113 1486 138 v

96 239 401 297 narentur3
449 237 571 280 tum
614 226 813 280 satirae
864 224 1017 297 ipsae
1068 236 1343 298 perpetuo
1382 244 1485 278 ex-

95 318 440 392 plicarentur
483 314 910 381 commentari0‚
955 313 1052 386 qui
1100 312 1484 369 adolescentes

96 426 228 462 cum
284 407 500 474 fruc-‘tib
578 406 865 478 voluptate
917 422 1197 474 sensuque
1250 405 1371 458 veri
1420 423 1486 458 ac

91 495 324 569 pulchri
388 515 481 549 eas
534 495 719 569 legere
775 506 828 548 et
883 512 999 547 uon
1037 491 1211 547 modo
1250 493 1485 565 singula,

95 604 244 658 quae
284 597 401 639 tam
440 585 498 638 in
540 595 894 658 argumento,
956 601 1141 656 quams
1174 582 1231 635 in
1278 594 1486 636 tracta—

91 675 244 741 tione
283 691 626 745 magnopere
668 673 955 738 differunt,
1000 671 1329 745 intelligere,
1387 671 1488 725 sed

94 762 263 817 etiam
305 759 602 832 cuiuslibet
650 761 877 835 eclogae
925 779 1212 815 summam
1258 780 1324 815 ac
1364 762 1487 816 vir-

89 863 235 906 tutes
288 868 630 924 cognoscere
684 849 939 917 doceret,
1013 868 1158 922 quae
1208 870 1323 904 non
1369 863 1489 905 tam

92 939 320 1014 singulis
356 939 641 994 sententiis
679 959 948 993 earumve
985 939 1365 993 enuntiatione
1401 951 1487 994 at—

91 1049 203 1104 que
244 1030 567 1084 inventione
611 1028 985 1096 continentur,
1037 1046 1210 1101 quani
1257 1029 1488 1084 illarum

91 1120 574 1194 coagmentatione
599 1131 653 1173 et
673 1119 919 1193 partium
943 1137 1074 1175 cum
1097 1137 1322 1174 sumina
1347 1140 1485 1173 con—

93 1211 336 1284 silioque
382 1208 654 1282 primario
706 1208 1089 1283 congruentia.
1193 1206 1282 1262 Ad
1335 1209 1488 1262 cius-

89 1299 249 1356 modi
298 1297 603 1359 editionem
660 1318 754 1352 me
809 1296 1128 1371 adspirasse
1195 1317 1311 1353 non
1367 1297 1485 1351 dis-

92 1389 370 1456 simulavi,
411 1387 510 1442 sed
559 1407 894 1442 severorum
935 1408 1027 1442 me
1075 1386 1327 1444 iudicum
1380 1386 1484 1440 de-

92 1479 309 1535 sideriis
368 1478 629 1550 votisque
692 1477 819 1532 satis
875 1476 1161 1534 facturuln
1208 1497 1330 1532 esse
1379 1497 1486 1530 nec

93 1569 322 1642 speravi
357 1587 653 1641 umquam,
694 1589 799 1622 nec
839 1587 1070 1640 sperare
1091 1568 1262 1640 potui.
1327 1565 1485 1619 Con—

91 1669 275 1712 tentus
331 1672 483 1713 cram
535 1656 804 1712 muniisse
855 1656 1006 1712 viam
1052 1668 1105 1712 et
1139 1654 1486 1711 fundamen-

89 1757 147 1800 ta
198 1746 363 1819 quasi
418 1746 642 1810 iecisse,
711 1745 920 1815 quibus
986 1755 1481 1815 superstrueretur

92 1835 163 1893 ab
210 1834 330 1888 aliis
392 1832 595 1887 melius
656 1830 976 1884 aedifi-cium
1037 1843 1092 1884 et
1167 1830 1484 1886 adiiceren-

88 1937 181 1980 tur
222 1923 382 1990 haec,
417 1921 511 1977 illa
544 1919 925 1974 demerentur.
978 1920 1133 1975 Raro
1167 1921 1337 1976 etiam
1369 1920 1484 1976 hu-

89 2012 368 2069 manitatis
408 2010 699 2083 exempli),
749 2010 906 2064 cuius
957 2010 1271 2084 gratissima
1312 2030 1483 2070 num-

93 2121 271 2177 quam
310 2101 587 2156 memoria
612 2119 682 2153 ex
712 2119 842 2154 ineo
884 2099 1072 2154 effluet
1106 2100 1313 2168 animo,
1354 2113 1482 2157 tan-

87 2204 151 2246 ta
182 2190 325 2246 mihi
364 2188 714 2263 suppeditata
760 2201 878 2243 erat
919 2189 1249 2244 criticorum
1292 2189 1481 2244 subsi—

95 2280 326 2337 diorum
365 2280 544 2353 copia‚
583 2291 645 2335 ut
680 2277 961 2333 decimam
981 2279 1075 2334 vix
1102 2291 1329 2353 partem
1361 2279 1480 2333 cui-

95 2389 266 2444 quam
319 2369 612 2443 contigisse
655 2367 1011 2437 crediderim,
1064 2370 1160 2442 qui
1211 2380 1337 2422 ante
1386 2389 1481 2422 me

97 2459 394 2514 accesserit
433 2456 505 2513 ad
547 2461 770 2533 poetam
821 2458 1123 2514 edendum.
1202 2457 1481 2513 Omnium

96 2569 255 2619 ver0,
299 2568 443 2623 quos
469 2567 749 2622 umquam
770 2547 1022 2619 exhausi,
1064 2547 1329 2605 laborum
1350 2547 1478 2607 lon-
