1759 3029
241 223 409 252 cmxxvi
466 207 554 248 AR
570 207 917 248 GVMENTA
968 205 1394 247 SATIRARVM

242 325 499 372 calamariae,
541 323 677 375 quales
715 328 850 360 essent
876 320 982 373 apud
1005 327 1189 369 veteres,
1219 329 1259 359 et
1279 323 1480 360 librorum
1504 335 1624 358 orna-

240 399 401 440 menta,
441 405 618 439 cornua,
657 390 862 436 umbilici,
905 389 1060 440 reliqua
1092 389 1133 426 id
1155 404 1297 440 genus,
1326 389 1626 427 accuratissime

238 464 605 511 cognoscerentur:
641 464 921 496 verumtamen
952 470 1054 508 quae
1089 457 1217 494 suerit
1249 458 1323 495 alia
1355 462 1544 507 exparte
1565 455 1627 494 rei

238 526 432 567 librariae
463 527 590 574 ratio,
629 525 817 563 velutin
856 524 971 561 libris
1017 524 1253 574 colligendis
1290 532 1329 561 et
1373 522 1626 574 digerendis3

240 595 421 647 primum
445 599 565 645 atque
591 594 741 631 iterum
761 593 888 629 iustae
915 592 1084 629 editioni
1109 591 1295 642 parandis
1310 621 1320 639 ‚
1357 589 1628 629 inscribendis

239 668 282 699 et
302 675 375 711 per
408 661 573 705 nomina
594 667 804 697 auctorum
832 673 876 695 ac
896 659 1037 696 titulos
1071 659 1390 709 distinguendis3
1421 656 1566 694 deinde
1586 656 1630 693 in

237 728 439 779 exemplis
464 726 798 778 inultiplicandiS‚
827 741 901 778 per
922 727 1182 764 recensiones
1233 740 1332 777 quae
1360 725 1507 761 Latine
1539 737 1629 760 cor-

239 798 365 835 rectio
400 795 567 840 dicitur)
608 794 852 832 renovandis
884 801 925 830 et
957 793 1244 831 retractandis:
1287 793 1379 830 talia
1426 792 1631 843 permulta

238 876 441 915 nusquam
461 862 591 899 adhuc
617 861 790 899 vidimus
815 861 910 898 satis
943 861 1143 912 quaesita,
1172 860 1322 897 nedum
1346 860 1531 910 perfecte
1553 871 1631 895 ex-

238 932 376 984 posita
401 936 466 977 et,
497 930 604 981 quod
630 930 762 966 varias
787 929 837 966 ob
859 942 992 965 causas
1017 929 1135 965 valde
1159 935 1365 979 optamus,
1394 925 1631 978 plenissime

240 996 545 1049 comprehensa.
603 996 709 1034 Loci
738 1003 831 1033 sunt
853 1009 936 1033 11011
959 996 1080 1045 pauci
1098 995 1141 1032 in
1156 1001 1241 1032 arte
1269 995 1430 1040 critica,
1462 994 1530 1045 qui
1554 1006 1633 1029 no·-

239 1078 332 1105 vam
346 1063 442 1102 inde
462 1065 595 1102 lucem
617 1069 855 1114 exspectare
877 1062 1045 1113 possint.
1072 1063 1138 1099 Sic
1153 1063 1196 1100 111
1215 1063 1338 1100 variis
1358 1060 1519 1112 scriptis
1544 1059 1630 1097 col-

240 1131 415 1183 ligendis
443 1131 544 1168 mira
568 1130 763 1181 quaedam
784 1136 835 1176 ct,
866 1143 994 1180 paene
1016 1129 1207 1179 dixerim,
1234 1143 1428 1182 generosa
1450 1127 1633 1164 cernitur

240 1198 351 1251 apud
369 1205 530 1237 veteres
551 1198 817 1247 negligentia3
848 1210 979 1248 neque
1001 1197 1058 1233 sic
1084 1198 1163 1235 iam
1194 1197 1417 1234 industrios
1447 1195 1634 1232 videmus

241 1274 451 1309 auctores,
483 1271 528 1302 ut
551 1265 630 1315 ipsi
656 1278 728 1300 sua
752 1264 889 1314 Opera
909 1267 1050 1302 onmia
1080 1266 1403 1301 consarcinantes
1439 1262 1634 1300 facillime

240 1334 386 1387 populi
413 1332 647 1379 commodo,
678 1337 747 1368 aut
769 1332 889 1369 etiam
912 1345 1007 1379 suo,
1034 1334 1336 1383 prospicerent:
1362 1333 1417 1370 ita
1438 1331 1635 1382 pleraque

242 1401 440 1438 dissoluta
464 1406 506 1437 et
532 1398 743 1449 dissipata,
784 1399 989 1449 permulta
1005 1414 1056 1437 ne
1078 1399 1126 1437 ab
1159 1400 1248 1451 ipso
1275 1399 1440 1451 quidem
1470 1405 1636 1435 auctore
1689 1384 1702 1399 ,-

240 1468 293 1506 ad
331 1466 553 1504 editionem
593 1465 812 1513 destinata,
851 1479 1143 1518 nonnunquam
1166 1467 1383 1504 admodum
1408 1480 1497 1503 sero
1521 1473 1561 1502 et
1586 1466 1634 1502 ab

241 1534 447 1585 imperitis
481 1533 786 1583 colligebantur.
857 1532 1016 1581 QUodsi
1049 1534 1136 1586 ipse
1183 1536 1360 1586 scriptor
1399 1535 1635 1572 institueret

240 1601 526 1640 collectionem
543 1629 553 1648 ‚
592 1600 795 1637 faciebant
830 1596 911 1637 hoc
939 1602 1140 1650 maxime,
1181 1609 1228 1639 ut
1255 1602 1305 1639 de
1330 1601 1525 1653 Epistolis
1546 1601 1632 1638 Pli-

240 1670 333 1707 nius
356 1674 493 1705 narrat
517 1667 548 1714 I,
578 1681 609 1705 1.
643 1667 822 1718 Collegi,
853 1682 935 1705 non
948 1678 1108 1706 servato
1129 1672 1324 1719 temporis
1339 1672 1508 1712 ordine,
1538 1671 1630 1713 (ηε-ς

242 1751 320 1789 que
343 1737 453 1773 enim
475 1734 690 1772 lli-storiam
716 1733 1020 1786 componebam)
1043 1737 1115 1773 secl
1129 1746 1174 1773 ut
1193 1751 1376 1788 quaeqae
1412 1738 1458 1773 in
1485 1749 1633 1772 manus

239 1811 419 1843 ⁴venerat.
478 1802 543 1839 Sic
567 1807 710 1852 poetae
732 1815 892 1853 quoque
910 1802 1114 1852 fecerunt,
1137 1810 1184 1840 ut
1205 1804 1402 1840 Horatius
1428 1809 1470 1840 et
1484 1803 1633 1840 Tibul-

239 1871 329 1919 lus3
371 1883 503 1922 neque
540 1869 657 1906 ahter
687 1869 911 1918 Iuvenali53
948 1869 1069 1908 modo
1092 1872 1145 1908 sit
1164 1871 1289 1921 ipsius
1310 1870 1388 1908 hoc
1413 1877 1633 1921 syntagma,

244 1937 357 1990 quod
384 1950 492 1974 nunc
514 1937 697 1973 manibus
725 1942 920 1975 tenemus.
976 1938 1083 1974 Eum
1119 1937 1363 1988 produxisse
1391 1937 1442 1975 ad
1462 1938 1635 1974 audien—

242 2005 343 2042 dum
368 2005 487 2056 plura
510 2003 735 2040 Satirarum
759 2004 992 2052 volumina,
1028 2005 1185 2042 scilicet
1212 2019 1287 2057 per
1317 2005 1497 2043 diversas
1523 2005 1635 2042 vices
1662 2033 1667 2035 >

241 2071 438 2118 acroasis,
469 2070 689 2107 coniectari
711 2070 977 2121 probabiliter
994 2078 1153 2123 potest,
1181 2074 1361 2123 primum
1389 2086 1443 2110 ex
1465 2072 1632 2124 antiquo

242 2152 360 2178 more
389 2151 434 2175 ac
472 2136 593 2174 modo
626 2137 848 2186 recitandi,
889 2137 1036 2175 deinde
1068 2153 1121 2176 ex
1153 2140 1245 2187 illa,
1296 2155 1395 2192 quae
1434 2140 1555 2190 vulgo
1589 2140 1634 2177 iu

244 2204 465 2243 codicibus
485 2204 712 2255 reperitur,
745 2218 923 2255 qumque
956 2205 1157 2245 librorum
1191 2208 1380 2246 distincta
1410 2209 1635 2261 notatione,

243 2286 366 2325 qnam
398 2271 508 2309 haud
539 2271 598 2308 ita
628 2273 795 2309 minime
827 2273 1097 2322 spernendam
1132 2281 1342 2325 putamus,
1382 2281 1428 2312 ut
1452 2289 1533 2312 11011
1553 2275 1633 2312 nisi

242 2341 410 2379 ultimae
443 2339 580 2376 aetatis
614 2339 985 2377 Grammaticorum
1017 2340 1201 2379 habenda
1232 2342 1431 2380 videatur.
1490 2342 1633 2391 Quid?

241 2406 354 2459 quod
387 2406 568 2443 eiusdem
603 2406 662 2443 rei
703 2406 792 2443 sere
826 2405 1020 2445 historica
1054 2408 1294 2460 significatio
1321 2409 1420 2448 latet
1450 2410 1495 2449 in
1522 2410 1632 2458 Vita,

243 2473 441 2511 Suetonio
463 2473 591 2511 tribui
613 2473 742 2511 solita.
756 2474 778 2493 ‘⁶

327 2573 739 2613 SATIRARVM
778 2575 1027 2613 TITVLI
1060 2576 1149 2616 ET
1182 2576 1633 2617 ARGVMENTA

243 2639 288 2677 in
316 2638 524 2678 codicibus
547 2648 588 2680 et
611 2643 772 2694 scriptis
797 2649 838 2680 et
858 2643 975 2681 editis
1008 2659 1080 2682 val
1082 2646 1121 2683 ia
1157 2647 1337 2696 ratione,
1366 2654 1406 2686 et
1428 2647 1495 2687 vel
1510 2660 1633 2700 piosa

247 2707 318 2747 vel
342 2720 460 2748 versa
489 2710 674 2751 oratione
701 2724 906 2764 expressa
936 2711 1139 2763 leguntur.
