1759 3029
276 171 357 213 2>i6
621 170 676 209 D.
728 170 869 210 IVN.
919 169 1319 211 IVVENALIS

282 287 399 328 Tam
434 290 581 328 tenuis
618 302 777 330 census
810 287 891 331 tibi
921 292 1134 345 contigit,
1170 295 1224 330 ut
1259 287 1525 330 mediocris-

281 354 485 397 Iacturae
522 363 567 397 te
595 365 770 413 mergat
807 373 945 408 onus;
981 373 1065 399 nec
1100 373 1203 400 rara
1245 358 1465 409 videmus,

282 423 408 474 Quae
444 427 624 481 pateris.
694 425 832 467 Casus
866 426 1025 467 multis
1061 426 1135 468 hic
1182 428 1391 482 cognitus
1429 438 1479 466 ac
1515 425 1605 466 iam

283 491 442 534 Tritus
477 500 521 534 et
556 508 578 534 e
613 495 762 536 medio
797 493 1024 536 Fortunae
1060 496 1222 538 ductus
1259 508 1432 536 acervo.

282 559 512 602 Ponamus
543 566 708 603 nimios
745 566 963 618 gemitus:
995 562 1263 618 flagrantior
1304 576 1447 617 aequo

283 627 394 670 Non
429 629 559 671 debet
600 631 735 672 dolor
771 645 864 671 esse
900 633 1012 682 viri,
1049 646 1133 672 nec
1179 630 1371 671 vulnere
1415 633 1575 672 maior.

285 696 361 738 Tu
397 701 599 753 quamvis
636 698 808 740 levium
844 701 1082 739 minimam
1112 701 1413 754 exiguamque
1446 698 1678 740 malorum

284 763 564 807 Particulam
594 770 673 808 vix
708 766 829 808 ferre
866 774 1020 823 potes,
1057 765 1373 824 spumantibus
1417 766 1579 808 ardens

286 831 577 887 Visceribus,
608 849 787 876 sacrum
818 834 901 876 tibi
933 835 1055 890 quod
1088 850 1185 877 non
1218 834 1380 876 reddat
1407 838 1574 876 amicus
1617 833 1679 876 15

286 901 574 959 Depositum.
645 902 809 961 Stupet
842 901 976 954 haec,
1009 906 1085 958 qui
1107 906 1198 945 iam
1219 910 1326 960 post
1346 910 1473 959 terga
1490 903 1682 958 reliquit

285 969 530 1025 Sexaginta
565 987 731 1023 annos,
768 968 958 1012 Fonteio
995 970 1195 1013 Consule
1232 971 1399 1013 natus?

287 1035 365 1079 An
396 1038 513 1080 nihil
549 1043 598 1080 in
627 1039 790 1080 melius
826 1047 897 1080 tot
929 1055 1088 1081 rerum
1123 1038 1307 1096 proficis
1340 1038 1458 1081 usu?

287 1106 459 1162 Magna
490 1109 688 1162 quidem,
728 1111 862 1149 sacris
900 1121 1013 1162 quae
1051 1109 1128 1150 dat
1168 1115 1411 1165 praecepta
1444 1106 1612 1149 libellis

289 1173 476 1217 Victrix
511 1175 741 1218 Fortunae
776 1175 1018 1233 Sapientia.
1098 1174 1320 1217 Ducimus
1364 1183 1517 1216 autem

287 1242 386 1285 Hos
423 1258 604 1304 quoque
640 1244 818 1295 felices,
854 1247 933 1300 qui
968 1243 1089 1285 ferre
1121 1246 1411 1285 incommoda
1444 1247 1578 1295 vitae,

288 1311 386 1353 Nec
421 1315 589 1354 iactare
626 1316 807 1368 iugum,
857 1315 952 1354 vita
994 1313 1190 1354 didicere
1235 1315 1464 1368 magistra.

288 1379 414 1431 Quae
453 1388 546 1421 tam
578 1380 692 1422 festa
726 1381 846 1432 dies,
883 1387 938 1421 ut
967 1389 1110 1422 cesset
1142 1381 1340 1438 prodere
1376 1379 1543 1433 furem,

288 1446 559 1499 Perfidiam,
597 1447 779 1490 fraudes
810 1456 946 1504 atque
980 1451 1108 1491 omni
1138 1464 1196 1490 ex
1242 1451 1433 1490 crimine
1473 1449 1657 1491 lucrum

288 1516 558 1567 Quaesitum
595 1524 639 1558 et
672 1525 830 1573 partos
866 1517 1019 1572 gladio
1056 1517 1131 1559 vel
1164 1517 1340 1574 pyxide
1374 1516 1573 1560 numos?
1616 1518 1679 1560 25

289 1584 398 1628 Rari
432 1589 604 1644 quippe
638 1584 770 1627 boni:
807 1600 1026 1628 numerus
1070 1589 1151 1628 vix
1176 1593 1244 1628 est
1273 1586 1489 1638 totidem,
1537 1593 1652 1641 quot

1613 504 1671 535 10

1619 1187 1680 1218 20

337 1746 369 1781 8.
395 1746 534 1780 videbis
559 1759 610 1780 11.
631 1748 733 1791 prob.
753 1748 924 1782 Schurzfl.
1017 1748 1125 1783 Paris.
1166 1746 1321 1791 proficit
1344 1748 1396 1780 14.
1418 1747 1472 1780 15.
1490 1746 1544 1780 48.
1565 1747 1688 1782 50.56.

337 1817 370 1849 9.
395 1805 454 1837 lzic
481 1804 606 1838 multis
636 1807 687 1839 16.
724 1807 778 1839 25.
811 1817 865 1850 27.
892 1805 959 1838 45-
1019 1817 1074 1851 70.
1104 1806 1157 1849 74.
1188 1804 1242 1849 75.
1276 1803 1331 1848 76.
1360 1804 1415 1836 81.
1447 1804 1503 1838 82.
1553 1804 1687 1848 Stupet

292 1863 347 1907 47.
369 1864 424 1907 49.
447 1861 502 1894 51.
521 1864 575 1895 55.
596 1863 651 1907 57.
678 1862 732 1896 58.
754 1864 809 1896 60.
831 1864 884 1898 64,
904 1863 959 1897 65.

342 1931 355 1952 1
367 1932 394 1955 1.
421 1920 553 1957 nimios
571 1926 720 1964 questus
738 1933 770 1965 7.

341 1977 394 2009 15.
417 1975 582 2008 laborum
612 1987 676 2018 pro
706 1977 882 2009 malorum
909 1989 961 2021 17.

292 2044 348 2066 20.
379 2044 434 2067 21.
463 2043 517 2076 29.
556 2033 651 2074 quod
683 2033 820 2065 doctius
849 2034 959 2066 videri

292 2098 409 2133 potest
430 2090 485 2120 vel
508 2091 725 2130 exquisitius.
753 2088 892 2122 laboris
909 2092 961 2124 15.

343 2148 398 2180 15.
422 2145 522 2191 quod
541 2155 617 2178 non
637 2145 707 2178 tibi
732 2147 784 2181 16.

345 2204 397 2238 16.
422 2203 481 2235 lzic
506 2214 556 2234 11.
580 2203 632 2235 16.
650 2202 705 2236 64.
749 2203 818 2236 hoc
842 2215 893 2237 10.

345 2261 398 2294 18.
425 2260 490 2293 Λη
520 2271 549 2292 1.
580 2271 632 2292 10.
662 2272 712 2296 12.
747 2262 798 2295 15.
835 2261 886 2294 14.
905 2260 962 2295 25.

300 2321 357 2353 24.
377 2318 434 2351 54.
453 2318 507 2349 64.
530 2328 583 2360 7ο.
603 2318 658 2361 75.
683 2317 740 2363 76.
763 2332 816 2363 77.
845 2318 902 2351 82.
930 2326 965 2350 et

293 2376 344 2410 IX
365 2374 470 2408 codd.
493 2373 601 2406 Paris.
648 2374 708 2408 Ac
733 2387 786 2410 11.
813 2387 864 2420 19.
900 2374 967 2408 Ad

296 2445 353 2467 22.
401 2431 458 2465 At
491 2430 632 2464 15-18.
663 2443 718 2466 20.
747 2443 802 2467 21.
834 2433 888 2466 25.
908 2443 964 2476 27.

295 2489 437 2523 45-50.
472 2489 612 2523 55-65.
641 2487 783 2534 65-69.
822 2490 965 2533 71-74.

298 2546 432 2578 Eadem
455 2548 597 2578 varietas
618 2554 668 2578 est
690 2548 726 2578 in
745 2545 847 2579 codd.
858 2545 964 2582 Paris,

298 2623 344 2631 —
362 2603 517 2647 proficis
535 2604 671 2634 restitui
693 2614 733 2635 ex
754 2615 824 2636 io—
839 2602 889 2635 15.
903 2601 966 2634 16..

300 2672 354 2704 27.
385 2660 526 2703 45-47.
559 2662 616 2703 519.
648 2660 702 2694 51.
729 2658 785 2693 55.
825 2659 967 2704 57-(29.

299 2728 353 2761 71·
375 2728 427 2761 72.
451 2718 504 2760 75.
531 2728 585 2760 77.
609 2725 643 2750 et
661 2717 842 2761 plerisque
862 2715 968 2751 MSS·

1018 1864 1108 1896 haec
1126 1881 1174 1888 —·
1192 1868 1320 1902 natu-5,
1342 1860 1402 1894 Ac
1424 1861 1520 1894 nihil
1537 1874 1688 1906 —pro-

1008 1920 1099 1966 ficit
1130 1919 1220 1952 usu!
1266 1919 1422 1951 malebat
1442 1918 1482 1952 C.
1500 1919 1614 1952 Vales.
1642 1937 1689 1947 -·

1020 1989 1108 2013 usus
1130 1977 1170 2010 18
1191 1989 1210 2008 a
1229 1988 1278 2010 m.
1298 1988 1351 2018 pr.

1068 2046 1120 2078 19.
1144 2033 1307 2078 equidem
1339 2044 1389 2076 17.
1411 2032 1461 2065 18.
1485 2043 1538 2066 2ο.
1560 2044 1617 2066 22.

1067 2102 1122 2124 20·
1147 2090 1314 2123 Dicimus
1346 2089 1397 2121 15.
1432 2087 1484 2120 16.
1515 2101 1553 2133 17
1592 2102 1609 2121 a
1635 2103 1686 2124 m.

1018 2159 1072 2191 pr.
1096 2146 1147 2179 18.
1169 2156 1222 2191 19.
1248 2156 1291 2177 20
1318 2157 1337 2176 a
1367 2157 1417 2180 m.
1447 2157 1514 2179 sec.
1545 2147 1688 2192 24-27.

1019 2202 1163 2237 45-50.
1188 2201 1327 2236 54-65.
1358 2201 1413 2236 65.
1446 2204 1591 2249 66-69.
1620 2216 1687 2249 71-

1021 2271 1075 2303 71.
1104 2268 1139 2291 et
1170 2258 1318 2292 dimidia
1347 2270 1424 2301 pars
1457 2260 1560 2295 codd.
1580 2261 1688 2296 Paris.

1022 2314 1151 2348 Parum
1172 2319 1328 2351 interest.

1068 2374 1124 2407 23.
1139 2372 1247 2419 fures
1265 2373 1321 2406 45.

1068 2430 1125 2463 24.
1153 2442 1198 2462 ex
1218 2431 1317 2464 abest
1339 2444 1357 2464 a
1379 2431 1431 2465 16.

1069 2487 1124 2521 26.
1150 2499 1319 2520 numerus
1355 2489 1417 2521 vix
1447 2492 1503 2519 est
1533 2486 1687 2520 totidem

1024 2546 1114 2586 (scil.
1144 2545 1332 2577 hominum
1360 2545 1572 2588 bonorum),
1597 2548 1689 2589 quot

1024 2601 1135 2646 (sunt)
1183 2600 1384 2633 Thebarum
1400 2607 1539 2644 portae
1574 2613 1600 2634 1.
1633 2601 1686 2634 15.

1028 2660 1078 2691 14.
1103 2658 1156 2692 18.
1177 2658 1232 2692 48.
1254 2669 1308 2702 7ο.
1331 2657 1385 2703 75.
1405 2659 1458 2702 76.
1480 2667 1513 2690 et
1530 2657 1562 2690 V
1580 2658 1686 2690 MSS.

1025 2715 1131 2750 Paris.
1153 2724 1192 2749 ut
1213 2715 1411 2758 exercitui,
1439 2714 1541 2748 cuius
1561 2724 1690 2747 nume·-
