1759 3029
529 79 1002 122 ROMANORVM

1386 95 1445 119 Lv

62 199 192 237 Satira
221 195 498 248 cognationem
536 194 769 234 habuerunt
805 194 964 233 fabulae
995 195 1249 233 Graecorum
1292 195 1443 245 satyri-

62 279 146 309 cae,
172 265 217 303 in
245 264 387 316 primis
418 264 665 301 comicorum
694 269 917 314 poetarum,
948 268 987 298 et
1011 262 1204 300 maiorem
1235 262 1341 300 sorte
1362 262 1448 299 Sil-

59 333 104 383 li,
135 332 185 371 de
212 333 357 385 quibus
385 344 507 382 supra
536 329 747 381 disputavi.
800 327 881 366 Sed
919 329 1081 367 illarum
1121 335 1160 365 et
1188 330 1375 366 materies
1405 335 1447 367 et

53 400 194 438 ‘forma
219 399 301 438 suit
327 398 506 436 diversa:
526 394 563 419 ³9
592 396 637 434 hi
661 410 760 435 vero
791 395 988 434 didactica
1018 394 1181 446 quidem
1211 403 1325 434 erant
1355 410 1446 433 car-

59 467 181 515 mina,
222 473 261 504 at
306 465 547 504 differebant
586 471 822 516 argumento
858 464 1028 515 eiusque
1067 463 1266 500 tractandi
1311 464 1450 502 consi-

59 551 285 586 Lucilianum
308 553 515 585 translatum
538 563 622 591 esse,
643 552 722 583 val-

61 608 105 640 de
125 609 309 652 probabile
331 618 392 642 est.
440 608 495 641 Cf.
513 609 632 641 Horat.
651 608 723 640 Sat.

56 665 110 707 II,-
131 678 159 707 1,
192 678 218 700 1.
250 675 283 698 et
301 667 389 699 Stat.
415 667 509 711 Sylv.
530 666 556 707 I,
583 666 617 705 5,
651 665 723 698 103.

56 721 130 755 Sed
162 724 346 756 Horatium
378 725 526 765 singulis
553 723 723 755 carmini-

57 779 123 812 bus
142 780 335 812 Satirarum
357 791 488 811 nomen
514 791 584 811 non
602 780 723 821 impo—

56 838 175 877 suisse,
201 835 376 879 Cruquius
395 839 430 870 in
452 848 582 869 comm.
605 846 668 866 suo
684 846 725 866 ex

55 894 227 926 vetustiss.
263 892 378 934 codd„
410 894 444 924 in
475 892 602 934 quibus
640 891 724 924 haec

56 952 212 982 carmina
222 950 388 995 Eclogae
399 949 647 988 inscribuntur,
661 959 724 979 ex-

55 1015 109 1039 tra
151 1019 296 1040 omnem
342 1007 571 1039 dubitationis
610 1005 724 1036 aleam

56 1064 146 1097 m‘ihi
175 1064 314 1096 videtur
342 1064 510 1107 posuisse.
566 1061 620 1093 Ex
643 1062 725 1103 ipsis

58 1124 166 1154 etiam
185 1120 400 1154 carminibus
422 1126 567 1158 constat,
583 1118 726 1159 singula

54 1181 213 1222 primum
243 1177 287 1210 ad
315 1178 444 1209 amicos
472 1188 542 1208 esse
569 1176 672 1207 missa
693 1181 727 1205 et

58 1237 178 1279 paucis
200 1234 397 1267 admodum
422 1235 577 1273 recitata,
603 1232 675 1265 Sat.
694 1231 724 1271 I,

54 1293 89 1334 4,
118 1294 161 1335 73
180 1303 233 1334 sq.
271 1291 399 1324 deinde
426 1293 481 1322 vel
500 1290 542 1322 ab
562 1292 637 1333 ipso
661 1301 726 1321 au-

57 1357 163 1391 ctore,
185 1351 240 1381 vel
261 1348 304 1381 ab
327 1348 397 1379 alio
419 1347 615 1379 Venusinae
640 1358 726 1378 mu-

55 1417 112 1437 sae
135 1397 283 1445 amante,
331 1405 455 1449 (immo
484 1417 502 1435 a
531 1403 726 1437 Gramma-

55 1463 152 1504 ticis3
178 1463 224 1495 cf.
253 1463 372 1507 Heyne
395 1461 438 1492 de
470 1473 578 1493 carm.
603 1460 724 1491 bucol.

56 1519 99 1550 T.
130 1519 157 1551 I.
193 1519 274 1553 edit.
303 1519 433 1561 virgil.
472 1530 540 1550 sec.
582 1529 617 1560 p.
651 1515 725 1559 18.)

57 1575 210 1621 eclogae
237 1577 383 1608 nomine
409 1577 557 1617 singulis
578 1575 723 1605 fortasse

56 1632 183 1674 indito,
215 1635 252 1665 in
283 1632 394 1664 libros
424 1633 573 1662 collecta
604 1638 636 1660 et
667 1629 726 1660 di-

58 1697 153 1732 gesta
181 1688 354 1720 videntur.
401 1688 442 1719 Iu
472 1690 629 1731 ipsorum
654 1698 726 1717 nu-

57 1757 157 1778 mero
179 1744 351 1787 quaedam
371 1756 511 1787 quoque
525 1752 618 1783 sunt,
644 1744 727 1784 qui·-

58 1802 126 1834 bus
160 1802 310 1833 Satirae
343 1802 486 1840 titulus,
526 1802 596 1831 sive
631 1800 724 1830 anti-

58 1870 166 1903 quam
195 1858 293 1890 verbi
327 1859 399 1890 vim
428 1857 624 1894 retinueris,
654 1857 723 1886 sive

58 1927 185 1948 novam
226 1915 329 1947 illam
358 1915 560 1953 subieceris,
598 1924 724 1957 parum

60 1974 245 2006 convenire
274 1971 444 2011 videatur,
481 1972 547 2003 nisi
575 1978 725 2002 conten·-

61 2030 166 2071 deris,
201 2030 388 2062 Horatium
418 2030 473 2060 vel
500 2040 539 2060 ea
557 2028 724 2066 carmina,

60 2099 149 2131 quae
162 2095 256 2119 certo
279 2094 314 2118 et
349 2087 446 2118 finito
469 2085 574 2117 alicui
604 2085 724 2126 generi

56 2145 224 2186 subiungi
254 2154 326 2176 non
353 2145 568 2186 potuissent,
601 2140 725 2173 eadem

59 2196 297 2244 inscriptione,
318 2201 373 2232 cui
398 2201 546 2232 minime
575 2209 726 2242 respon-

647 2256 726 2289 Pari

61 2315 170 2348 modo
187 2315 396 2347 Sermonum
411 2323 444 2346 et
476 2313 727 2358 Epistolarum

61 2259 197 2299 derent,
233 2256 384 2300 gaudere
426 2258 589 2290 voluisse.

61 2373 327 2415 inscriptionem
341 2371 383 2403 ab
395 2372 538 2404 Horatio
553 2384 623 2404 esse
639 2382 726 2415 pro-

63 2430 204 2469 sectam,
226 2428 366 2472 probari
385 2429 486 2460 nullo
514 2429 622 2461 modo
643 2437 727 2472 pot-

64 2494 126 2525 est,
148 2496 363 2527 quamquam
391 2488 463 2528 ipse
489 2486 569 2518 huie
588 2488 638 2519 rei
661 2497 725 2517 oc-

64 2546 243 2575 casionem
270 2542 406 2575 dederit
426 2544 498 2575 Sat.
530 2544 567 2584 I,
597 2544 642 2583 4,
681 2543 724 2589 59

63 2612 115 2642 sq.
142 2600 252 2643 Epist.
286 2599 314 2639 I,
334 2600 367 2639 4,
398 2613 424 2632 1.
453 2602 500 2641 11,
528 2614 555 2642 1,
580 2601 646 2636 250
672 2612 725 2643 sq.

62 2657 240 2701 (Libellos
265 2665 365 2690 vocat
393 2657 521 2691 Satiras
556 2658 666 2703 Epist.
695 2657 724 2701 1,

279 2716 283 2733 ⁸

784 551 836 591 13,
865 549 930 591 4.)
978 548 1048 581 Sed
1088 556 1259 580 vetustam
1284 561 1361 581 eam
1390 561 1449 581 es-

779 619 814 639 se
843 607 969 650 probat
997 606 1119 639 Sidon.
1147 606 1304 649 Apolliu.
1336 606 1449 649 Epist.

781 665 824 697 ad
858 665 1009 697 Touant.

780 721 958 765 epistolas
1003 721 1137 754 Horatii

945 779 999 810 De
1029 777 1160 818 Persio,
1189 775 1371 819 quomodo
1398 777 1448 807 li·-

1080 664 1197 695 Etiam
1228 666 1450 705 grammatici

1192 728 1226 752 et
1268 730 1451 751 Sermones

782 780 900 810 citant.

782 834 888 866 hrum
915 848 1019 868 suum
1047 835 1261 877 inscripserit
1288 840 1346 864 aut
1372 834 1449 864 sin-

782 893 864 934 gula
884 894 1061 933 carmina,
1099 892 1189 923 nihil
1220 892 1305 922 certi
1328 891 1452 931 liquet.

782 948 946 982 Pithoeus
976 952 1012 982 in
1041 957 1175 982 vetusto
1215 948 1334 989 aliquo
1374 943 1454 978 cod.

781 1007 817 1038 in
842 1008 991 1048 singulis
1019 1008 1154 1050 paginis
1184 1005 1277 1037 hunc
1303 1004 1453 1035 titulum

784 1065 955 1096 invenisse
977 1072 1140 1111 testatur:
1188 1059 1455 1094 leebaz'dorum

783 1121 901 1153 Persii
936 1121 1099 1165 Satyra,
1139 1120 1237 1151 etin
1275 1125 1453 1149 extremo:

782 1177 970 1220 Explicuit
997 1176 1104 1209 leeb.
1140 1176 1181 1208 P.
1205 1181 1337 1218 satyra
1357 1172 1453 1218 feli-

783 1235 884 1268 citer.
933 1234 1121 1266 Caeterum
1148 1245 1166 1264 a
1188 1232 1336 1274 Sosippo
1356 1230 1453 1262 Cha-

782 1294 841 1325 ris.
868 1305 902 1336 p.
919 1292 961 1324 66
983 1295 1017 1324 in
1041 1291 1181 1322 collect.
1206 1288 1347 1322 Putsch.
1375 1287 1451 1318 Sa-

783 1350 858 1381 tira
884 1350 900 1381 I
927 1349 1035 1381 Persii
1058 1350 1195 1380 citatur.
1221 1346 1263 1378 In
1284 1345 1451 1377 Iuvenale

783 1415 903 1438 autem
933 1406 1016 1438 libri
1049 1418 1067 1437 a
1086 1403 1325 1447 grammaticis
1350 1413 1452 1434 sem-

782 1474 844 1507 per
866 1471 1121 1494 memorantur.
1141 1480 1188 1485 —-
1218 1459 1310 1502 Quia
1332 1466 1454 1490 autem

782 1519 956 1559 Horatius,
978 1519 1116 1551 Persius
1132 1526 1166 1550 et
1179 1516 1355 1550 Iuvenalis
1374 1515 1454 1547 Lu-

783 1577 855 1608 cilii
884 1576 1062 1608 scribendi
1083 1587 1216 1618 genus,
1242 1584 1303 1604 sua
1331 1580 1452 1603 tamen

784 1634 929 1674 quisque
949 1635 1097 1671 ratione,
1117 1632 1226 1663 secuti
1245 1636 1338 1670 sunt,
1361 1629 1454 1660 inter

784 1700 842 1720 eos
876 1696 1052 1728 auctores,
1103 1690 1164 1730 qui
1197 1695 1351 1719 saturam
1391 1696 1455 1718 seu

783 1754 914 1778 saturas
933 1748 1158 1788 scripserunt,
1187 1746 1262 1776 iure
1285 1750 1365 1774 sunt
1390 1753 1452 1772 re·-

782 1803 856 1842 lati,
876 1813 1070 1844 eorumque
1102 1801 1202 1833 libris
1227 1811 1289 1831 seu
1315 1799 1450 1830 carmi-

781 1859 886 1890 nibus
904 1859 1053 1900 singulis
1075 1860 1103 1890 is
1121 1858 1255 1896 titulus,
1281 1857 1378 1887 cuius
1392 1856 1451 1897 ip-

781 1916 809 1946 si
829 1924 988 1947 auctores
1010 1914 1128 1945 forsan
1158 1923 1229 1944 non
1248 1913 1403 1951 suerunt,
1432 1922 1453 1942 a.

783 1972 936 2004 librariis
948 1980 998 2003 est
1012 1972 1231 2013 inscriptus.“
1243 1968 1298 2001 Cf.
1310 1977 1382 2001 not.
1391 1967 1451 2000 33.

829 2029 872 2073 39
914 2028 991 2061 Cel.
1018 2026 1221 2060 Eichstaedt
1248 2038 1282 2069 p.
1308 2023 1452 2069 59-6‘1.

779 2087 844 2129 „In
873 2086 1043 2131 tragicis,
1075 2086 1201 2126 inquit,
1231 2082 1452 2115 Graecorum

783 2144 924 2187 Satyris,
951 2142 994 2174 ad
1013 2153 1098 2186 quos
1116 2149 1274 2172 revocata
1305 2140 1377 2171 fere
1398 2145 1450 2169 est

784 2202 899 2233 omnis
939 2202 1114 2242 quaestiO‚
1144 2194 1451 2241 quemadmodum

783 2258 960 2302 permulta
986 2265 1077 2298 sunt,
1108 2266 1195 2298 quae
1226 2253 1359 2286 diversa
1388 2262 1451 2284 re·-

783 2316 963 2360 periantur
989 2326 1005 2345 a
1026 2314 1201 2346 Romanae
1220 2311 1362 2352 iugenio
1383 2308 1451 2340 Sa-

783 2374 887 2405 tirae:
937 2374 985 2404 ita
1013 2372 1041 2402 si
1067 2371 1155 2402 hanc
1184 2367 1344 2400 conferre
1368 2377 1452 2398 cum.

783 2440 822 2460 ea
854 2429 1007 2473 Satyrica
1045 2425 1310 2465 instituerimus,
1342 2434 1450 2465 quam

782 2487 912 2518 comici
942 2485 1161 2516 Graecorum
1191 2489 1314 2524 poetae
1346 2481 1447 2512 variis

782 2543 898 2576 modis
921 2542 1159 2580 excoluerunt,
1191 2539 1245 2582 (v.
1276 2550 1352 2581 sup.
1374 2545 1448 2569 not.

782 2604 830 2645 9³
851 2600 1021 2631 facillime
1053 2599 1238 2629 arctiorem
1258 2593 1450 2638 quamdam

783 2658 890 2691 fuisse
920 2655 1045 2688 harum
1080 2655 1380 2700 propinquitatem
1411 2661 1452 2683 ac
