1759 3029
302 57 387 101 346·
815 57 1172 97 EXCVRSVS

297 169 351 223 (v.
379 184 465 222 sup.
493 170 543 208 ad
583 171 656 218 VI,
695 172 785 210 584.
829 173 873 210 in
905 170 1077 224 Comm.)
1116 178 1158 209 et
1197 173 1401 213 lubricat-e
1441 173 1492 211 de
1527 186 1571 212 re
1600 176 1675 213 ob-
1726 163 1731 231 ἱ

295 253 442 276 scoena
469 238 664 286 adhiberi,
694 245 735 276 et
759 240 892 277 orbem
926 241 1166 278 Laceclaem.
1200 254 1286 277 esse
1317 246 1429 277 nates
1457 249 1526 279 aut
1554 256 1677 294 prae·
1732 255 1735 289 ζ

294 312 500 358 posteram
529 307 746 354 Venerem,
777 308 967 359 quoniam
998 308 1218 359 Spartanos
1246 307 1425 359 primum
1465 309 1515 346 ad
1539 308 1675 347 athle-
1738 351 1739 354 Ἰ

294 374 417 411 ticam
446 374 618 412 nudasse
646 388 818 425 corpora
846 381 888 412 et
923 375 1018 413 inde
1047 374 1255 413 libidinem
1294 375 1338 412 in
1376 388 1525 426 pueros
1553 389 1676 414 exar-

293 441 403 488 sisse,
444 440 606 478 tradant
635 441 820 492 Thucyd.
865 448 906 479 et
943 442 1100 480 Cicero.
1131 465 1184 471 —
1233 442 1399 493 Lipsius
1434 444 1460 481 l.
1489 444 1515 481 l.
1563 443 1676 491 dicit,

291 508 372 546 Iac.
403 509 565 546 Susium
592 511 785 555 suasisse,
825 515 872 546 ut
897 523 972 560 pro
1010 511 1143 546 orbem
1172 510 1489 548 substitueretur
1517 512 1674 555 orbum,

291 574 332 613 h.
361 590 393 614 e.
421 590 558 613 senem
590 577 747 622 orbum,
777 575 946 613 divitem
984 590 1028 612 ac
1057 576 1245 620 foedum,
1298 578 1366 627 qui
1407 579 1543 615 nescio
1575 576 1675 628 quid

291 644 485 681 obscoeni
512 643 661 681 fecerit
685 643 752 680 vel
776 643 917 694 potius
946 656 1087 693 passus
1116 643 1179 681 sit.
1214 665 1265 672 --
1294 644 1432 680 arbem
1455 644 1606 694 legitur
1631 645 1676 681 in

292 712 372 760 235
401 711 551 762 inepte.

662 776 697 814 E
749 777 792 814 X
841 777 873 814 C
924 778 965 815 V
1019 778 1059 815 R
1107 777 1134 814 S
1184 778 1225 815 V
1276 778 1302 814 S

772 842 831 882 ad
864 845 950 882 Sat.
994 845 1070 892 XI,
1106 845 1193 895 193.

401 912 573 950 Praeda
605 912 861 949 caballorum
893 914 1072 949 Praetor
1101 912 1251 961 legitur
1290 913 1332 949 in
1369 925 1400 949 1.
1432 925 1491 949 11.
1517 912 1575 950 14.
1612 912 1675 950 16.

290 982 356 1019 48.
388 981 453 1020 50.
486 980 549 1016 56.
583 992 644 1027 70.
678 981 874 1028 74-77.
911 985 952 1016 et
978 979 1185 1016 nonnullis
1214 979 1330 1016 MSS.
1360 979 1487 1015 Paris.
1521 984 1563 1015 et
1591 985 1674 1016 tam

289 1049 456 1099 copiose
487 1060 607 1098 quam
638 1046 798 1084 erudite
830 1046 1065 1084 defenditur
1094 1061 1115 1083 a
1146 1047 1330 1084 Gronov.
1362 1046 1479 1083 Obss.
1512 1044 1580 1093 IV,
1609 1047 1673 1083 24.

287 1117 360 1154 ubi
391 1120 541 1161 monet,
572 1115 717 1151 acerbo
746 1115 826 1150 sale
855 1114 1075 1164 perstringi
1106 1115 1407 1160 munerarium,
1455 1115 1536 1165 qui,
1578 1113 1674 1150 dum

286 1184 440 1220 similis
465 1181 686 1231 triumpho,
706 1180 988 1231 triumphanti,
1020 1181 1308 1231 triumphantis
1336 1182 1423 1218 ritu
1451 1179 1675 1232 habituque

285 1249 513 1302 praesideat
544 1247 816 1293 Circensibus,
843 1261 1032 1297 magnum
1066 1261 1107 1284 se
1134 1248 1269 1284 virum
1298 1240 1429 1298 putet,
1473 1262 1597 1299 quum
1627 1261 1674 1285 re

286 1331 385 1356 vera
409 1317 461 1353 sit
486 1315 742 1352 caballorum,
759 1315 936 1364 praeda,
979 1313 1017 1350 11.
1051 1328 1085 1351 e.
1115 1314 1281 1365 prodiga
1323 1316 1392 1351 illa
1421 1316 1604 1366 impensa
1630 1316 1674 1352 in

287 1384 401 1436 equis
430 1382 659 1433 aurigisque
695 1372 859 1428 alendis,
885 1381 1138 1429 exercendis,
1168 1381 1454 1431 producendis,
1483 1382 1672 1419 comeda-

285 1458 355 1489 tur
383 1452 517 1496 miser,
548 1449 839 1499 patrimonium
873 1447 1089 1485 exhauriat
1119 1449 1192 1485 sub
1236 1462 1339 1485 vana
1376 1450 1510 1499 specie
1539 1449 1673 1486 hono-

285 1520 344 1559 ris
372 1524 413 1555 et
440 1519 624 1555 intereat.
659 1514 722 1551 Cf.
752 1528 838 1564 sup.
870 1516 900 1562 I,
944 1517 1006 1566 59.
1050 1515 1112 1552 60.
1142 1515 1254 1565 Lips.
1294 1514 1343 1551 ad
1380 1516 1476 1553 Tac.
1505 1515 1610 1552 Ann.
1642 1516 1672 1562 I,

291 1589 352 1626 15.
384 1592 425 1623 et
455 1585 595 1622 Heins.
627 1581 675 1618 ad.
709 1579 921 1619 Claudiam.
942 1584 1120 1619 Fescenn
1163 1597 1200 1619 v.
1238 1595 1296 1619 11.
1330 1583 1547 1632 Ingeniosa
1573 1596 1672 1633 pro-

284 1655 396 1694 secto
426 1649 727 1701 interpretatis),
758 1663 858 1700 quae
889 1656 1023 1686 tamen
1049 1651 1169 1700 paulo
1198 1650 1359 1698 longius
1389 1650 1518 1699 petita
1539 1649 1674 1686 videri

287 1723 426 1775 possit.
459 1741 504 1746 «-
542 1718 707 1754 Praedo
737 1716 990 1753 caballorum
1021 1719 1198 1754 Praetor
1217 1715 1415 1753 exhibent
1450 1729 1508 1754 10.
1532 1728 1590 1753 12.
1611 1717 1671 1753 15.

292 1799 480 1834 17—27.
513 1786 707 1831 45—47.
753 1784 818 1834 49.
851 1785 914 1820 54.
948 1785 1010 1821 55.
1055 1784 1249 1834 57-69,
1287 1785 1480 1831 71-73,
1513 1789 1553 1820 et
1581 1783 1673 1834 pleae

286 1859 403 1907 rique
434 1854 548 1891 codd.
580 1851 708 1889 Paris.
740 1852 856 1901 prob.
889 1852 1007 1888 Grot.
1038 1851 1087 1888 ad
1115 1851 1322 1902 Capellam
1352 1865 1390 1902 p.
1417 1851 1504 1898 174.
1551 1850 1672 1888 Non-

285 1924 401 1969 nulli,
429 1935 466 1958 τ’.
493 1935 525 1957 c.
555 1918 688 1955 Schol.
721 1919 763 1955 in
793 1917 880 1955 cod.
914 1918 1036 1965 Iunii,
1068 1919 1303 1955 Praetorem
1332 1916 1390 1955 ita
1415 1918 1494 1954 dici
1523 1923 1671 1968 putant

286 1995 455 2043 propter
486 1999 610 2038 equos
639 1986 686 2022 ab
720 1984 903 2022 hostibus
922 1992 1081 2034 raptos;
1113 1986 1180 2022 alii
1202 1999 1300 2022 vero
1334 1998 1406 2034 per
1435 1985 1570 2021 iocum
1599 1990 1670 2020 aut

284 2055 622 2110 paronomasiam,
653 2051 761 2103 quod
778 2052 843 2089 vel
871 2053 1044 2102 optimos
1076 2065 1200 2103 equos
1228 2051 1368 2089 invitis
1399 2049 1571 2087 dominis
1595 2051 1669 2088 vili

286 2124 447 2163 auferat
476 2121 621 2172 pretio,
663 2120 729 2156 vel
770 2119 931 2169 iniquus
971 2118 1202 2155 certaminis
1241 2117 1368 2154 iudex
1405 2130 1432 2152 s.
1472 2117 1669 2155 brabeuta

288 2193 354 2239 sit,
401 2196 442 2227 et
475 2188 606 2239 palma
646 2187 908 2237 praemioque
951 2186 1158 2222 s.b1‘abeo
1202 2184 1393 2222 fraudans
1436 2185 1602 2223 meritos
1629 2192 1669 2223 et

286 2260 466 2296 victores
501 2267 624 2305 equos
655 2252 813 2301 efficiat,
843 2258 890 2289 ut
918 2253 1065 2302 exiguo
1095 2251 1325 2288 vendantur
1363 2253 1498 2302 pretio
1530 2259 1572 2289 et
1600 2254 1668 2291 vel

288 2340 309 2363 a
343 2339 385 2362 se
418 2323 497 2360 emi
525 2321 691 2372 possint.
743 2342 786 2348 -
844 2320 982 2357 Perda
1014 2318 1170 2356 emend.
1203 2318 1366 2356 Salmas.
1422 2317 1502 2366 (ad
1539 2319 1665 2358 Solin.

288 2408 327 2445 p.
359 2391 450 2428 465.
482 2394 523 2426 et
560 2388 608 2425 ad
639 2387 817 2425 Trebell.
852 2388 953 2424 Poll.
999 2386 1048 2423 de
1075 2386 1209 2424 XXX
1235 2386 1418 2436 tyrannis
1458 2399 1490 2422 e.
1533 2398 1592 2433 17.
1622 2386 1666 2424 in

288 2460 395 2497 Hist.
424 2456 526 2505 Aug.
555 2469 593 2506 p.
622 2456 714 2494 305.
736 2451 845 2505 312.)
871 2453 909 2490 h.
941 2467 975 2490 e.
998 2453 1193 2504 perditor,
1225 2449 1422 2504 φθορεῦς,
1449 2458 1496 2489 ut
1511 2453 1662 2498 scriba,

289 2529 465 2568 advena,
494 2524 733 2574 tran-sfitga,
752 2521 1002 2571 heredipeta,
1021 2520 1244 2566 homicida,
1262 2520 1480 2571 parricida
1501 2525 1542 2556 et
1559 2520 1663 2570 inpr.

290 2592 533 2646 officiperda
578 2603 638 2641 ap.
684 2588 826 2627 Caton.
866 2586 1025 2626 distich.
1066 2588 1138 2626 IV.
1177 2602 1216 2626 n.
1256 2588 1320 2626 45.
1363 2593 1404 2624 et
1443 2585 1583 2624 Isidor.
1621 2586 1665 2624 in
