<?xml version="1.0" encoding="UTF-8"?>
<!DOCTYPE html PUBLIC "-//W3C//DTD XHTML 1.0 Transitional//EN"
    "http://www.w3.org/TR/xhtml1/DTD/xhtml1-transitional.dtd">
<html xmlns="http://www.w3.org/1999/xhtml" xml:lang="en" lang="en">
 <head>
  <title>
</title>
<meta http-equiv="Content-Type" content="text/html;charset=utf-8" />
  <meta name='ocr-system' content='tesseract 3.04.00' />
  <meta name='ocr-capabilities' content='ocr_page ocr_carea ocr_par ocr_line ocrx_word'/>
</head>
<body>
  <div class='ocr_page' id='page_1' title='image "./satirae16adoptim01juveuoft/satirae16adoptim01juveuoft_0128.png"; bbox 0 0 1759 3029; ppageno 0'>
   <div class='ocr_carea' id='block_1_1' title="bbox 303 170 1409 213">
    <p class='ocr_par' dir='ltr' id='par_1_1' title="bbox 303 170 1409 213">
     <span class='ocr_line' id='line_1_1' title="bbox 303 170 1409 213; baseline 0.002 -5"><span class='ocrx_word' id='word_1_1' title='bbox 303 184 449 209; x_wconf 75' lang='lat' dir='ltr'>cxvnt</span> <span class='ocrx_word' id='word_1_2' title='bbox 583 170 818 211; x_wconf 86' lang='lat' dir='ltr'>INDEX</span> <span class='ocrx_word' id='word_1_3' title='bbox 870 170 1212 213; x_wconf 87' lang='lat' dir='ltr'>CODICVM</span> <span class='ocrx_word' id='word_1_4' title='bbox 1268 170 1409 213; x_wconf 90' lang='lat' dir='ltr'>MSS.</span> 
     </span>
    </p>
   </div>
   <div class='ocr_carea' id='block_1_2' title="bbox 300 284 1696 327">
    <p class='ocr_par' dir='ltr' id='par_1_2' title="bbox 300 284 1696 327">
     <span class='ocr_line' id='line_1_2' title="bbox 300 284 1696 327; baseline 0.003 -4"><span class='ocrx_word' id='word_1_5' title='bbox 300 284 376 323; x_wconf 86' lang='lat' dir='ltr'><strong>III.</strong></span> <span class='ocrx_word' id='word_1_6' title='bbox 438 284 739 324; x_wconf 90' lang='lat' dir='ltr'>CODICES</span> <span class='ocrx_word' id='word_1_7' title='bbox 781 287 932 325; x_wconf 90' lang='lat' dir='ltr'><strong>ALII</strong></span> <span class='ocrx_word' id='word_1_8' title='bbox 971 287 1067 326; x_wconf 92' lang='lat' dir='ltr'>EX</span> <span class='ocrx_word' id='word_1_9' title='bbox 1108 286 1376 326; x_wconf 84' lang='lat' dir='ltr'><strong>ITALIA</strong></span> <span class='ocrx_word' id='word_1_10' title='bbox 1409 286 1696 327; x_wconf 79' lang='lat' dir='ltr'><strong>ALLATL</strong></span> 
     </span>
    </p>
   </div>
   <div class='ocr_carea' id='block_1_3' title="bbox 254 365 1705 1351">
    <p class='ocr_par' dir='ltr' id='par_1_3' title="bbox 302 365 1698 756">
     <span class='ocr_line' id='line_1_3' title="bbox 415 365 1026 404; baseline 0.002 -3"><span class='ocrx_word' id='word_1_11' title='bbox 415 365 480 402; x_wconf 75' lang='lat'>25⁷.</span> <span class='ocrx_word' id='word_1_12' title='bbox 540 366 673 403; x_wconf 74' lang='lat' dir='ltr'>Codex</span> <span class='ocrx_word' id='word_1_13' title='bbox 700 381 738 403; x_wconf 90' lang='lat' dir='ltr'>n.</span> <span class='ocrx_word' id='word_1_14' title='bbox 777 379 849 404; x_wconf 89' lang='lat'>111</span> <span class='ocrx_word' id='word_1_15' title='bbox 878 388 905 394; x_wconf 52' lang='lat'>»-</span> <span class='ocrx_word' id='word_1_16' title='bbox 934 367 1026 404; x_wconf 77' lang='lat'>451.</span> 
     </span>
     <span class='ocr_line' id='line_1_4' title="bbox 302 432 1694 483; baseline 0.001 -14"><span class='ocrx_word' id='word_1_17' title='bbox 302 432 639 471; x_wconf 62' lang='lat' dir='ltr'>t».[e1nb1=a11ace11s</span> <span class='ocrx_word' id='word_1_18' title='bbox 675 434 719 473; x_wconf 82' lang='lat' dir='ltr'>:in</span> <span class='ocrx_word' id='word_1_19' title='bbox 762 436 798 471; x_wconf 76' lang='lat'>4.</span> <span class='ocrx_word' id='word_1_20' title='bbox 825 440 1013 473; x_wconf 81' lang='lat' dir='ltr'>constans</span> <span class='ocrx_word' id='word_1_21' title='bbox 1049 436 1121 473; x_wconf 83' lang='lat'>128</span> <span class='ocrx_word' id='word_1_22' title='bbox 1153 435 1286 483; x_wconf 82' lang='lat' dir='ltr'>soliis,</span> <span class='ocrx_word' id='word_1_23' title='bbox 1317 449 1349 472; x_wconf 85' lang='lat' dir='ltr'>a.</span> <span class='ocrx_word' id='word_1_24' title='bbox 1396 436 1512 473; x_wconf 78' lang='lat'>1451.</span> <span class='ocrx_word' id='word_1_25' title='bbox 1547 448 1694 473; x_wconf 69' lang='lat' dir='ltr'>exara-</span> 
     </span>
     <span class='ocr_line' id='line_1_5' title="bbox 303 498 1694 553; baseline 0.001 -18"><span class='ocrx_word' id='word_1_26' title='bbox 303 505 385 545; x_wconf 80' lang='lat' dir='ltr'>tus,</span> <span class='ocrx_word' id='word_1_27' title='bbox 424 498 657 539; x_wconf 74' lang='lat' dir='ltr'><strong>charactere</strong></span> <span class='ocrx_word' id='word_1_28' title='bbox 704 500 883 539; x_wconf 81' lang='lat' dir='ltr'>Gothico</span> <span class='ocrx_word' id='word_1_29' title='bbox 929 502 1144 553; x_wconf 75' lang='lat' dir='ltr'>diligenter</span> <span class='ocrx_word' id='word_1_30' title='bbox 1188 510 1228 540; x_wconf 79' lang='lat' dir='ltr'>et.</span> <span class='ocrx_word' id='word_1_31' title='bbox 1281 509 1466 541; x_wconf 83' lang='lat' dir='ltr'>accurate</span> <span class='ocrx_word' id='word_1_32' title='bbox 1503 503 1694 552; x_wconf 81' lang='lat' dir='ltr'>scriptus,</span> 
     </span>
     <span class='ocr_line' id='line_1_6' title="bbox 304 567 1695 615; baseline 0.003 -13"><span class='ocrx_word' id='word_1_33' title='bbox 304 572 364 603; x_wconf 79' lang='lat' dir='ltr'>sat</span> <span class='ocrx_word' id='word_1_34' title='bbox 398 567 500 605; x_wconf 90' lang='lat' dir='ltr'>bcne</span> <span class='ocrx_word' id='word_1_35' title='bbox 534 576 820 615; x_wconf 76' lang='lat' dir='ltr'>conservatus,</span> <span class='ocrx_word' id='word_1_36' title='bbox 850 582 925 606; x_wconf 87' lang='lat' dir='ltr'>nec</span> <span class='ocrx_word' id='word_1_37' title='bbox 957 584 1040 608; x_wconf 89' lang='lat' dir='ltr'>non</span> <span class='ocrx_word' id='word_1_38' title='bbox 1068 570 1318 609; x_wconf 71' lang='lat' dir='ltr'>emendatus.</span> <span class='ocrx_word' id='word_1_39' title='bbox 1378 570 1563 607; x_wconf 66' lang='lat' dir='ltr'>Exhibet</span> <span class='ocrx_word' id='word_1_40' title='bbox 1590 569 1695 606; x_wconf 89' lang='lat' dir='ltr'>Per-</span> 
     </span>
     <span class='ocr_line' id='line_1_7' title="bbox 302 636 1698 675; baseline 0.004 -6"><span class='ocrx_word' id='word_1_41' title='bbox 302 636 410 671; x_wconf 80' lang='lat' dir='ltr'>sium</span> <span class='ocrx_word' id='word_1_42' title='bbox 441 648 533 672; x_wconf 86' lang='lat' dir='ltr'>cum</span> <span class='ocrx_word' id='word_1_43' title='bbox 568 637 871 673; x_wconf 78' lang='lat' dir='ltr'>commentariis</span> <span class='ocrx_word' id='word_1_44' title='bbox 905 636 1092 675; x_wconf 85' lang='lat' dir='ltr'>Cornuto</span> <span class='ocrx_word' id='word_1_45' title='bbox 1136 639 1345 675; x_wconf 78' lang='lat' dir='ltr'>attributis</span> <span class='ocrx_word' id='word_1_46' title='bbox 1387 644 1426 675; x_wconf 79' lang='lat' dir='ltr'>ct</span> <span class='ocrx_word' id='word_1_47' title='bbox 1460 637 1698 675; x_wconf 70' lang='lat' dir='ltr'>Iuvenalem</span> 
     </span>
     <span class='ocr_line' id='line_1_8' title="bbox 303 700 1508 756; baseline 0.002 -17"><span class='ocrx_word' id='word_1_48' title='bbox 303 714 398 740; x_wconf 84' lang='lat' dir='ltr'>eum</span> <span class='ocrx_word' id='word_1_49' title='bbox 426 700 591 739; x_wconf 86' lang='lat' dir='ltr'><strong>scholiis</strong></span> <span class='ocrx_word' id='word_1_50' title='bbox 619 702 669 740; x_wconf 86' lang='lat' dir='ltr'>ad</span> <span class='ocrx_word' id='word_1_51' title='bbox 702 704 925 753; x_wconf 80' lang='lat' dir='ltr'>marginem</span> <span class='ocrx_word' id='word_1_52' title='bbox 956 711 995 741; x_wconf 88' lang='lat' dir='ltr'>et</span> <span class='ocrx_word' id='word_1_53' title='bbox 1027 705 1137 742; x_wconf 85' lang='lat' dir='ltr'>inter</span> <span class='ocrx_word' id='word_1_54' title='bbox 1169 705 1296 742; x_wconf 84' lang='lat' dir='ltr'>lineas</span> <span class='ocrx_word' id='word_1_55' title='bbox 1334 706 1508 756; x_wconf 79' lang='lat' dir='ltr'>scriptis.</span> 
     </span>
    </p>

    <p class='ocr_par' dir='ltr' id='par_1_4' title="bbox 254 771 1705 1351">
     <span class='ocr_line' id='line_1_9' title="bbox 414 771 1031 810; baseline 0.003 -3"><span class='ocrx_word' id='word_1_56' title='bbox 414 772 478 808; x_wconf 78' lang='lat'>24.</span> <span class='ocrx_word' id='word_1_57' title='bbox 541 771 674 808; x_wconf 78' lang='lat' dir='ltr'>Codex</span> <span class='ocrx_word' id='word_1_58' title='bbox 709 786 749 808; x_wconf 80' lang='grc' dir='ltr'>η.</span> <span class='ocrx_word' id='word_1_59' title='bbox 779 783 854 810; x_wconf 82' lang='lat'>112</span> <span class='ocrx_word' id='word_1_60' title='bbox 875 794 914 800; x_wconf 51' lang='grc'>«-</span> <span class='ocrx_word' id='word_1_61' title='bbox 938 772 1031 809; x_wconf 81' lang='grc'><strong>455.</strong></span> 
     </span>
     <span class='ocr_line' id='line_1_10' title="bbox 254 831 1702 891; baseline 0.001 -17"><span class='ocrx_word' id='word_1_62' title='bbox 254 831 255 834; x_wconf 27' lang='grc'><strong>“</strong></span> <span class='ocrx_word' id='word_1_63' title='bbox 304 835 643 876; x_wconf 78' lang='lat' dir='ltr'>Membranaceus</span> <span class='ocrx_word' id='word_1_64' title='bbox 675 839 718 876; x_wconf 83' lang='lat' dir='ltr'>in</span> <span class='ocrx_word' id='word_1_65' title='bbox 754 839 825 878; x_wconf 86' lang='lat' dir='ltr'>sol.</span> <span class='ocrx_word' id='word_1_66' title='bbox 858 852 1007 890; x_wconf 78' lang='lat' dir='ltr'>parvo,</span> <span class='ocrx_word' id='word_1_67' title='bbox 1039 840 1236 891; x_wconf 87' lang='lat' dir='ltr'>oblongo,</span> <span class='ocrx_word' id='word_1_68' title='bbox 1273 847 1461 878; x_wconf 82' lang='lat' dir='ltr'>constans</span> <span class='ocrx_word' id='word_1_69' title='bbox 1502 851 1551 887; x_wconf 82' lang='lat'>72</span> <span class='ocrx_word' id='word_1_70' title='bbox 1575 836 1702 886; x_wconf 42' lang='grc' dir='ltr'>ΓοΙίἰε,μ</span> 
     </span>
     <span class='ocr_line' id='line_1_11' title="bbox 306 903 1700 959; baseline 0.002 -19"><span class='ocrx_word' id='word_1_71' title='bbox 306 903 392 941; x_wconf 91' lang='lat' dir='ltr'>XV</span> <span class='ocrx_word' id='word_1_72' title='bbox 429 919 530 944; x_wconf 82' lang='lat' dir='ltr'>sace.</span> <span class='ocrx_word' id='word_1_73' title='bbox 563 912 781 954; x_wconf 80' lang='lat' dir='ltr'>exaratus,</span> <span class='ocrx_word' id='word_1_74' title='bbox 810 906 941 944; x_wconf 76' lang='lat' dir='ltr'>nitide</span> <span class='ocrx_word' id='word_1_75' title='bbox 979 912 1020 944; x_wconf 84' lang='lat' dir='ltr'>et</span> <span class='ocrx_word' id='word_1_76' title='bbox 1053 908 1258 956; x_wconf 74' lang='lat' dir='ltr'>eleganter</span> <span class='ocrx_word' id='word_1_77' title='bbox 1294 909 1490 959; x_wconf 72' lang='lat' dir='ltr'>scriptus,</span> <span class='ocrx_word' id='word_1_78' title='bbox 1523 906 1700 956; x_wconf 80' lang='lat' dir='ltr'><strong>diligen-</strong></span> 
     </span>
     <span class='ocr_line' id='line_1_12' title="bbox 309 972 1702 1012; baseline 0.002 -5"><span class='ocrx_word' id='word_1_79' title='bbox 309 975 371 1009; x_wconf 81' lang='lat' dir='ltr'>ter</span> <span class='ocrx_word' id='word_1_80' title='bbox 403 980 668 1012; x_wconf 78' lang='lat' dir='ltr'>conservatus</span> <span class='ocrx_word' id='word_1_81' title='bbox 702 980 745 1012; x_wconf 89' lang='lat' dir='ltr'>et</span> <span class='ocrx_word' id='word_1_82' title='bbox 779 980 967 1012; x_wconf 80' lang='lat' dir='ltr'>accurate</span> <span class='ocrx_word' id='word_1_83' title='bbox 996 974 1244 1012; x_wconf 84' lang='lat' dir='ltr'>emendatus.</span> <span class='ocrx_word' id='word_1_84' title='bbox 1298 976 1533 1012; x_wconf 75' lang='lat' dir='ltr'>Iuvenalem</span> <span class='ocrx_word' id='word_1_85' title='bbox 1580 972 1702 1011; x_wconf 82' lang='lat' dir='ltr'>habet</span> 
     </span>
     <span class='ocr_line' id='line_1_13' title="bbox 305 1040 1701 1093; baseline 0.001 -17"><span class='ocrx_word' id='word_1_86' title='bbox 305 1044 349 1075; x_wconf 77' lang='lat' dir='ltr'>et</span> <span class='ocrx_word' id='word_1_87' title='bbox 378 1040 565 1078; x_wconf 83' lang='lat' dir='ltr'><strong>Persium</strong></span> <span class='ocrx_word' id='word_1_88' title='bbox 603 1043 690 1078; x_wconf 81' lang='lat' dir='ltr'>sine</span> <span class='ocrx_word' id='word_1_89' title='bbox 722 1041 900 1079; x_wconf 86' lang='lat' dir='ltr'><strong>scholiis.</strong></span> <span class='ocrx_word' id='word_1_90' title='bbox 955 1042 1210 1091; x_wconf 80' lang='lat' dir='ltr'>Scripturam</span> <span class='ocrx_word' id='word_1_91' title='bbox 1245 1043 1449 1093; x_wconf 84' lang='lat' dir='ltr'>antiquam</span> <span class='ocrx_word' id='word_1_92' title='bbox 1489 1042 1701 1079; x_wconf 84' lang='lat' dir='ltr'>Romano-</span> 
     </span>
     <span class='ocr_line' id='line_1_14' title="bbox 305 1109 1703 1161; baseline 0 -17"><span class='ocrx_word' id='word_1_93' title='bbox 305 1119 398 1145; x_wconf 87' lang='lat' dir='ltr'>rum</span> <span class='ocrx_word' id='word_1_94' title='bbox 435 1115 591 1156; x_wconf 78' lang='lat' dir='ltr'>servat,</span> <span class='ocrx_word' id='word_1_95' title='bbox 639 1109 723 1147; x_wconf 82' lang='lat' dir='ltr'>scil.</span> <span class='ocrx_word' id='word_1_96' title='bbox 760 1124 881 1161; x_wconf 73' lang='lat' dir='ltr'>quom</span> <span class='ocrx_word' id='word_1_97' title='bbox 923 1123 998 1161; x_wconf 87' lang='lat' dir='ltr'>pro</span> <span class='ocrx_word' id='word_1_98' title='bbox 1028 1124 1140 1153; x_wconf 68' lang='lat' dir='ltr'>elem,</span> <span class='ocrx_word' id='word_1_99' title='bbox 1173 1113 1271 1161; x_wconf 71' lang='lat' dir='ltr'>quoi</span> <span class='ocrx_word' id='word_1_100' title='bbox 1304 1124 1380 1161; x_wconf 88' lang='lat' dir='ltr'>pro</span> <span class='ocrx_word' id='word_1_101' title='bbox 1409 1112 1501 1154; x_wconf 73' lang='lat' dir='ltr'>ozei,</span> <span class='ocrx_word' id='word_1_102' title='bbox 1552 1110 1703 1159; x_wconf 73' lang='lat' dir='ltr'>quoia-s·</span> 
     </span>
     <span class='ocr_line' id='line_1_15' title="bbox 305 1172 1702 1228; baseline 0.001 -17"><span class='ocrx_word' id='word_1_103' title='bbox 305 1187 383 1225; x_wconf 86' lang='lat' dir='ltr'>pro</span> <span class='ocrx_word' id='word_1_104' title='bbox 418 1178 560 1221; x_wconf 70' lang='lat' dir='ltr'>cuias,</span> <span class='ocrx_word' id='word_1_105' title='bbox 599 1185 789 1228; x_wconf 73' lang='lat' dir='ltr'>optumus</span> <span class='ocrx_word' id='word_1_106' title='bbox 833 1190 909 1226; x_wconf 88' lang='lat' dir='ltr'>pro</span> <span class='ocrx_word' id='word_1_107' title='bbox 947 1179 1127 1228; x_wconf 69' lang='lat' dir='ltr'>optimus</span> <span class='ocrx_word' id='word_1_108' title='bbox 1163 1183 1205 1215; x_wconf 89' lang='lat' dir='ltr'>et</span> <span class='ocrx_word' id='word_1_109' title='bbox 1248 1178 1324 1215; x_wconf 81' lang='lat' dir='ltr'>alia</span> <span class='ocrx_word' id='word_1_110' title='bbox 1371 1177 1412 1214; x_wconf 82' lang='lat' dir='ltr'>id</span> <span class='ocrx_word' id='word_1_111' title='bbox 1456 1172 1595 1226; x_wconf 78' lang='lat' dir='ltr'>genus.</span> <span class='ocrx_word' id='word_1_112' title='bbox 1652 1175 1702 1213; x_wconf 90' lang='lat' dir='ltr'>In</span> 
     </span>
     <span class='ocr_line' id='line_1_16' title="bbox 305 1242 1705 1297; baseline 0.001 -18"><span class='ocrx_word' id='word_1_113' title='bbox 305 1242 440 1293; x_wconf 87' lang='lat' dir='ltr'>primo</span> <span class='ocrx_word' id='word_1_114' title='bbox 485 1243 587 1281; x_wconf 87' lang='lat' dir='ltr'>solio</span> <span class='ocrx_word' id='word_1_115' title='bbox 632 1249 768 1281; x_wconf 71' lang='lat' dir='ltr'>exstat</span> <span class='ocrx_word' id='word_1_116' title='bbox 809 1244 895 1281; x_wconf 78' lang='lat' dir='ltr'>vita</span> <span class='ocrx_word' id='word_1_117' title='bbox 934 1245 1162 1292; x_wconf 82' lang='lat' dir='ltr'>Iuvenalis,</span> <span class='ocrx_word' id='word_1_118' title='bbox 1215 1259 1317 1297; x_wconf 82' lang='lat' dir='ltr'>quae</span> <span class='ocrx_word' id='word_1_119' title='bbox 1352 1245 1441 1283; x_wconf 86' lang='lat' dir='ltr'>sere</span> <span class='ocrx_word' id='word_1_120' title='bbox 1477 1243 1616 1281; x_wconf 85' lang='lat' dir='ltr'>eadem</span> <span class='ocrx_word' id='word_1_121' title='bbox 1644 1248 1705 1281; x_wconf 84' lang='lat' dir='ltr'>est</span> 
     </span>
     <span class='ocr_line' id='line_1_17' title="bbox 306 1310 1313 1351; baseline 0.005 -5"><span class='ocrx_word' id='word_1_122' title='bbox 306 1321 352 1346; x_wconf 82' lang='lat' dir='ltr'>ac</span> <span class='ocrx_word' id='word_1_123' title='bbox 392 1310 478 1346; x_wconf 84' lang='lat' dir='ltr'>vita</span> <span class='ocrx_word' id='word_1_124' title='bbox 511 1311 553 1348; x_wconf 87' lang='lat' dir='ltr'>in</span> <span class='ocrx_word' id='word_1_125' title='bbox 585 1313 878 1349; x_wconf 77' lang='lat' dir='ltr'>commentario</span> <span class='ocrx_word' id='word_1_126' title='bbox 916 1312 1143 1351; x_wconf 86' lang='lat' dir='ltr'>Omniboni</span> <span class='ocrx_word' id='word_1_127' title='bbox 1172 1314 1313 1351; x_wconf 83' lang='lat' dir='ltr'>relata.</span> 
     </span>
    </p>
   </div>
   <div class='ocr_carea' id='block_1_4' title="bbox 423 1378 1045 1418">
    <p class='ocr_par' dir='ltr' id='par_1_5' title="bbox 423 1378 1045 1418">
     <span class='ocr_line' id='line_1_18' title="bbox 423 1378 1045 1418; baseline 0.005 -4"><span class='ocrx_word' id='word_1_128' title='bbox 423 1378 489 1414; x_wconf 84' lang='lat'>25.</span> <span class='ocrx_word' id='word_1_129' title='bbox 551 1379 683 1416; x_wconf 75' lang='lat' dir='ltr'>Codex</span> <span class='ocrx_word' id='word_1_130' title='bbox 716 1395 754 1418; x_wconf 84' lang='lat' dir='ltr'>n.</span> <span class='ocrx_word' id='word_1_131' title='bbox 795 1381 1045 1418; x_wconf 77' lang='lat'>113—-454,</span> 
     </span>
    </p>
   </div>
   <div class='ocr_carea' id='block_1_5' title="bbox 307 1455 1708 2049">
    <p class='ocr_par' dir='ltr' id='par_1_6' title="bbox 307 1455 1706 1767">
     <span class='ocr_line' id='line_1_19' title="bbox 307 1455 1705 1505; baseline -0.001 -10"><span class='ocrx_word' id='word_1_132' title='bbox 307 1455 646 1496; x_wconf 76' lang='lat' dir='ltr'>Membranaceus</span> <span class='ocrx_word' id='word_1_133' title='bbox 692 1459 736 1496; x_wconf 84' lang='lat' dir='ltr'>in</span> <span class='ocrx_word' id='word_1_134' title='bbox 780 1460 815 1497; x_wconf 74' lang='lat'>4.</span> <span class='ocrx_word' id='word_1_135' title='bbox 852 1464 1042 1496; x_wconf 78' lang='lat' dir='ltr'>constans</span> <span class='ocrx_word' id='word_1_136' title='bbox 1080 1459 1130 1496; x_wconf 85' lang='lat'>82</span> <span class='ocrx_word' id='word_1_137' title='bbox 1167 1458 1301 1505; x_wconf 86' lang='lat' dir='ltr'>foliis,</span> <span class='ocrx_word' id='word_1_138' title='bbox 1349 1457 1436 1496; x_wconf 89' lang='lat' dir='ltr'>XV</span> <span class='ocrx_word' id='word_1_139' title='bbox 1464 1471 1565 1495; x_wconf 83' lang='lat' dir='ltr'>saec.</span> <span class='ocrx_word' id='word_1_140' title='bbox 1601 1469 1705 1493; x_wconf 83' lang='lat' dir='ltr'>exa-</span> 
     </span>
     <span class='ocr_line' id='line_1_20' title="bbox 310 1524 1706 1576; baseline -0.001 -14"><span class='ocrx_word' id='word_1_141' title='bbox 310 1530 424 1562; x_wconf 82' lang='lat' dir='ltr'>ratus</span> <span class='ocrx_word' id='word_1_142' title='bbox 462 1524 698 1563; x_wconf 77' lang='lat' dir='ltr'>charactere</span> <span class='ocrx_word' id='word_1_143' title='bbox 736 1525 939 1573; x_wconf 83' lang='lat' dir='ltr'>Gothico,</span> <span class='ocrx_word' id='word_1_144' title='bbox 974 1530 1072 1563; x_wconf 83' lang='lat' dir='ltr'>satis</span> <span class='ocrx_word' id='word_1_145' title='bbox 1104 1525 1234 1563; x_wconf 81' lang='lat' dir='ltr'>nitide</span> <span class='ocrx_word' id='word_1_146' title='bbox 1270 1526 1472 1576; x_wconf 82' lang='lat' dir='ltr'>scriptus,</span> <span class='ocrx_word' id='word_1_147' title='bbox 1495 1524 1566 1561; x_wconf 78' lang='lat' dir='ltr'>sed</span> <span class='ocrx_word' id='word_1_148' title='bbox 1587 1537 1706 1561; x_wconf 87' lang='lat' dir='ltr'>men-</span> 
     </span>
     <span class='ocr_line' id='line_1_21' title="bbox 312 1590 1705 1641; baseline 0.001 -14"><span class='ocrx_word' id='word_1_149' title='bbox 312 1590 561 1630; x_wconf 78' lang='lat' dir='ltr'>dosissimus.</span> <span class='ocrx_word' id='word_1_150' title='bbox 621 1592 804 1631; x_wconf 75' lang='lat' dir='ltr'>Exhibet</span> <span class='ocrx_word' id='word_1_151' title='bbox 841 1594 1077 1631; x_wconf 85' lang='lat' dir='ltr'>Iuvenalem</span> <span class='ocrx_word' id='word_1_152' title='bbox 1110 1593 1317 1641; x_wconf 76' lang='lat' dir='ltr'>integrum</span> <span class='ocrx_word' id='word_1_153' title='bbox 1349 1598 1391 1629; x_wconf 89' lang='lat' dir='ltr'>et</span> <span class='ocrx_word' id='word_1_154' title='bbox 1422 1592 1587 1630; x_wconf 84' lang='lat' dir='ltr'>Horatii</span> <span class='ocrx_word' id='word_1_155' title='bbox 1621 1591 1705 1629; x_wconf 83' lang='lat' dir='ltr'>Ar·-</span> 
     </span>
     <span class='ocr_line' id='line_1_22' title="bbox 309 1659 1332 1711; baseline 0.001 -15"><span class='ocrx_word' id='word_1_156' title='bbox 309 1664 395 1696; x_wconf 85' lang='lat' dir='ltr'>tem</span> <span class='ocrx_word' id='word_1_157' title='bbox 423 1660 625 1711; x_wconf 79' lang='lat' dir='ltr'>poeticam</span> <span class='ocrx_word' id='word_1_158' title='bbox 662 1674 755 1698; x_wconf 87' lang='lat' dir='ltr'>cum</span> <span class='ocrx_word' id='word_1_159' title='bbox 784 1660 971 1709; x_wconf 87' lang='lat' dir='ltr'>scholiis,</span> <span class='ocrx_word' id='word_1_160' title='bbox 998 1660 1069 1697; x_wconf 89' lang='lat' dir='ltr'>sed</span> <span class='ocrx_word' id='word_1_161' title='bbox 1103 1659 1332 1698; x_wconf 82' lang='lat' dir='ltr'>rarissimis.</span> 
     </span>
     <span class='ocr_line' id='line_1_23' title="bbox 426 1726 891 1767; baseline 0.006 -4"><span class='ocrx_word' id='word_1_162' title='bbox 426 1726 492 1764; x_wconf 82' lang='lat'>26.</span> <span class='ocrx_word' id='word_1_163' title='bbox 553 1728 689 1766; x_wconf 73' lang='lat' dir='ltr'>Codex</span> <span class='ocrx_word' id='word_1_164' title='bbox 722 1744 761 1767; x_wconf 81' lang='lat' dir='ltr'>n.</span> <span class='ocrx_word' id='word_1_165' title='bbox 798 1729 891 1766; x_wconf 77' lang='grc'><strong>455.</strong></span> 
     </span>
    </p>

    <p class='ocr_par' dir='ltr' id='par_1_7' title="bbox 308 1791 1708 2049">
     <span class='ocr_line' id='line_1_24' title="bbox 308 1791 1708 1846; baseline 0.001 -16"><span class='ocrx_word' id='word_1_166' title='bbox 308 1791 651 1834; x_wconf 80' lang='lat' dir='ltr'>Membranaceus</span> <span class='ocrx_word' id='word_1_167' title='bbox 692 1796 736 1834; x_wconf 90' lang='lat' dir='ltr'>in</span> <span class='ocrx_word' id='word_1_168' title='bbox 783 1796 854 1833; x_wconf 83' lang='lat' dir='ltr'>fol.</span> <span class='ocrx_word' id='word_1_169' title='bbox 898 1797 1097 1846; x_wconf 83' lang='lat' dir='ltr'>oblongo,</span> <span class='ocrx_word' id='word_1_170' title='bbox 1136 1801 1325 1832; x_wconf 81' lang='lat' dir='ltr'>constans</span> <span class='ocrx_word' id='word_1_171' title='bbox 1369 1806 1419 1843; x_wconf 89' lang='lat'>77</span> <span class='ocrx_word' id='word_1_172' title='bbox 1458 1795 1593 1842; x_wconf 84' lang='lat' dir='ltr'>soliis,</span> <span class='ocrx_word' id='word_1_173' title='bbox 1620 1793 1708 1833; x_wconf 87' lang='lat' dir='ltr'>XV</span> 
     </span>
     <span class='ocr_line' id='line_1_25' title="bbox 308 1863 1706 1912; baseline 0.001 -14"><span class='ocrx_word' id='word_1_174' title='bbox 308 1874 412 1898; x_wconf 78' lang='lat' dir='ltr'>sace.</span> <span class='ocrx_word' id='word_1_175' title='bbox 453 1870 668 1912; x_wconf 81' lang='lat' dir='ltr'>exaratus,</span> <span class='ocrx_word' id='word_1_176' title='bbox 698 1863 828 1901; x_wconf 85' lang='lat' dir='ltr'>nitide</span> <span class='ocrx_word' id='word_1_177' title='bbox 850 1870 891 1900; x_wconf 91' lang='lat' dir='ltr'>et</span> <span class='ocrx_word' id='word_1_178' title='bbox 914 1870 1100 1900; x_wconf 78' lang='lat' dir='ltr'>accurate</span> <span class='ocrx_word' id='word_1_179' title='bbox 1124 1863 1321 1912; x_wconf 79' lang='lat' dir='ltr'>scriptuS,</span> <span class='ocrx_word' id='word_1_180' title='bbox 1351 1873 1426 1897; x_wconf 85' lang='lat' dir='ltr'>nec</span> <span class='ocrx_word' id='word_1_181' title='bbox 1461 1875 1542 1898; x_wconf 88' lang='lat' dir='ltr'>non</span> <span class='ocrx_word' id='word_1_182' title='bbox 1565 1875 1706 1899; x_wconf 87' lang='lat' dir='ltr'>emen-</span> 
     </span>
     <span class='ocr_line' id='line_1_26' title="bbox 312 1927 1708 1981; baseline 0 -15"><span class='ocrx_word' id='word_1_183' title='bbox 312 1928 442 1969; x_wconf 86' lang='lat' dir='ltr'>datus.</span> <span class='ocrx_word' id='word_1_184' title='bbox 513 1931 751 1969; x_wconf 85' lang='lat' dir='ltr'>Iuvenalem</span> <span class='ocrx_word' id='word_1_185' title='bbox 795 1930 919 1968; x_wconf 81' lang='lat' dir='ltr'>habet</span> <span class='ocrx_word' id='word_1_186' title='bbox 966 1935 1007 1967; x_wconf 87' lang='lat' dir='ltr'>et</span> <span class='ocrx_word' id='word_1_187' title='bbox 1042 1929 1232 1966; x_wconf 81' lang='lat' dir='ltr'>Persium</span> <span class='ocrx_word' id='word_1_188' title='bbox 1277 1929 1428 1981; x_wconf 83' lang='lat' dir='ltr'>absque</span> <span class='ocrx_word' id='word_1_189' title='bbox 1464 1927 1629 1966; x_wconf 87' lang='lat' dir='ltr'>scholiis</span> <span class='ocrx_word' id='word_1_190' title='bbox 1666 1933 1708 1966; x_wconf 87' lang='lat' dir='ltr'>et</span> 
     </span>
     <span class='ocr_line' id='line_1_27' title="bbox 312 1995 1288 2049; baseline -0.002 -15"><span class='ocrx_word' id='word_1_191' title='bbox 312 1995 397 2035; x_wconf 84' lang='lat' dir='ltr'>ulla</span> <span class='ocrx_word' id='word_1_192' title='bbox 425 2000 670 2049; x_wconf 83' lang='lat' dir='ltr'>possessoris</span> <span class='ocrx_word' id='word_1_193' title='bbox 700 2004 798 2036; x_wconf 83' lang='lat' dir='ltr'>nota</span> <span class='ocrx_word' id='word_1_194' title='bbox 831 2003 872 2035; x_wconf 87' lang='lat' dir='ltr'>et</span> <span class='ocrx_word' id='word_1_195' title='bbox 900 1996 1149 2034; x_wconf 82' lang='lat' dir='ltr'>indicatione</span> <span class='ocrx_word' id='word_1_196' title='bbox 1183 1996 1288 2034; x_wconf 84' lang='lat' dir='ltr'>anni.</span> 
     </span>
    </p>
   </div>
   <div class='ocr_carea' id='block_1_6' title="bbox 394 2075 1615 2183">
    <p class='ocr_par' dir='ltr' id='par_1_8' title="bbox 394 2075 1615 2183">
     <span class='ocr_line' id='line_1_28' title="bbox 394 2075 1615 2116; baseline -0.002 0"><span class='ocrx_word' id='word_1_197' title='bbox 394 2075 469 2116; x_wconf 86' lang='lat' dir='ltr'>IV.</span> <span class='ocrx_word' id='word_1_198' title='bbox 527 2075 562 2114; x_wconf 90' lang='lat' dir='ltr'>E</span> <span class='ocrx_word' id='word_1_199' title='bbox 614 2075 1104 2115; x_wconf 89' lang='lat' dir='ltr'><strong>BIBLIOTHECA</strong></span> <span class='ocrx_word' id='word_1_200' title='bbox 1156 2075 1615 2114; x_wconf 86' lang='lat' dir='ltr'>MONASTERII</span> 
     </span>
     <span class='ocr_line' id='line_1_29' title="bbox 437 2142 1594 2183; baseline 0 -1"><span class='ocrx_word' id='word_1_201' title='bbox 437 2143 696 2182; x_wconf 87' lang='lat' dir='ltr'><strong>SANCTI</strong></span> <span class='ocrx_word' id='word_1_202' title='bbox 727 2142 1175 2183; x_wconf 87' lang='lat' dir='ltr'><strong>SALVATORIS</strong></span> <span class='ocrx_word' id='word_1_203' title='bbox 1207 2143 1594 2182; x_wconf 90' lang='lat' dir='ltr'><strong>BONONIAE.</strong></span> 
     </span>
    </p>
   </div>
   <div class='ocr_carea' id='block_1_7' title="bbox 421 2224 1027 2273">
    <p class='ocr_par' dir='ltr' id='par_1_9' title="bbox 421 2224 1027 2273">
     <span class='ocr_line' id='line_1_30' title="bbox 421 2224 1027 2273; baseline 0 -12"><span class='ocrx_word' id='word_1_204' title='bbox 421 2235 488 2273; x_wconf 72' lang='lat'>27.</span> <span class='ocrx_word' id='word_1_205' title='bbox 548 2224 682 2261; x_wconf 79' lang='lat' dir='ltr'>Codex</span> <span class='ocrx_word' id='word_1_206' title='bbox 712 2238 750 2262; x_wconf 74' lang='grc' dir='ltr'>η.</span> <span class='ocrx_word' id='word_1_207' title='bbox 783 2237 798 2262; x_wconf 86' lang='grc'><strong>1</strong></span> <span class='ocrx_word' id='word_1_208' title='bbox 813 2236 826 2260; x_wconf 88' lang='grc'>1</span> <span class='ocrx_word' id='word_1_209' title='bbox 840 2236 856 2261; x_wconf 86' lang='grc'>1</span> <span class='ocrx_word' id='word_1_210' title='bbox 873 2243 928 2252; x_wconf 86' lang='lat'>--</span> <span class='ocrx_word' id='word_1_211' title='bbox 941 2224 1027 2262; x_wconf 63' lang='lat'>40⁶.</span> 
     </span>
    </p>
   </div>
   <div class='ocr_carea' id='block_1_8' title="bbox 288 2299 1708 2758">
    <p class='ocr_par' dir='ltr' id='par_1_10' title="bbox 311 2299 1708 2350">
     <span class='ocr_line' id='line_1_31' title="bbox 311 2299 1708 2350; baseline -0.002 -10"><span class='ocrx_word' id='word_1_212' title='bbox 311 2299 649 2340; x_wconf 80' lang='lat' dir='ltr'>Membranaceus</span> <span class='ocrx_word' id='word_1_213' title='bbox 683 2303 727 2341; x_wconf 87' lang='lat' dir='ltr'>in</span> <span class='ocrx_word' id='word_1_214' title='bbox 762 2304 799 2340; x_wconf 84' lang='lat'>4.</span> <span class='ocrx_word' id='word_1_215' title='bbox 833 2309 1020 2341; x_wconf 87' lang='lat' dir='ltr'>constans</span> <span class='ocrx_word' id='word_1_216' title='bbox 1058 2304 1108 2341; x_wconf 88' lang='lat'>88</span> <span class='ocrx_word' id='word_1_217' title='bbox 1141 2301 1271 2350; x_wconf 82' lang='lat' dir='ltr'>soliis,</span> <span class='ocrx_word' id='word_1_218' title='bbox 1311 2315 1344 2339; x_wconf 74' lang='lat' dir='ltr'>a·</span> <span class='ocrx_word' id='word_1_219' title='bbox 1390 2301 1505 2349; x_wconf 75' lang='lat'>1477.</span> <span class='ocrx_word' id='word_1_220' title='bbox 1541 2299 1708 2338; x_wconf 85' lang='lat' dir='ltr'>nitidis-</span> 
     </span>
    </p>

    <p class='ocr_par' dir='ltr' id='par_1_11' title="bbox 314 2367 1640 2479">
     <span class='ocr_line' id='line_1_32' title="bbox 314 2367 1640 2421; baseline 0 -15"><span class='ocrx_word' id='word_1_221' title='bbox 314 2369 418 2407; x_wconf 76' lang='lat' dir='ltr'>sime</span> <span class='ocrx_word' id='word_1_222' title='bbox 453 2370 630 2421; x_wconf 84' lang='lat' dir='ltr'>scriptus</span> <span class='ocrx_word' id='word_1_223' title='bbox 666 2377 708 2409; x_wconf 84' lang='lat' dir='ltr'>et</span> <span class='ocrx_word' id='word_1_224' title='bbox 747 2377 933 2409; x_wconf 75' lang='lat' dir='ltr'>accurate</span> <span class='ocrx_word' id='word_1_225' title='bbox 971 2370 1159 2418; x_wconf 81' lang='lat' dir='ltr'>habitus,</span> <span class='ocrx_word' id='word_1_226' title='bbox 1186 2369 1257 2406; x_wconf 89' lang='lat' dir='ltr'>sed</span> <span class='ocrx_word' id='word_1_227' title='bbox 1296 2367 1640 2406; x_wconf 86' lang='lat' dir='ltr'>mendosissimus.</span> 
     </span>
     <span class='ocr_line' id='line_1_33' title="bbox 426 2438 1042 2479; baseline 0.002 -5"><span class='ocrx_word' id='word_1_228' title='bbox 426 2438 494 2479; x_wconf 81' lang='lat'>28.</span> <span class='ocrx_word' id='word_1_229' title='bbox 555 2438 687 2476; x_wconf 73' lang='lat' dir='ltr'>Codex</span> <span class='ocrx_word' id='word_1_230' title='bbox 718 2453 757 2477; x_wconf 80' lang='lat' dir='ltr'>n.</span> <span class='ocrx_word' id='word_1_231' title='bbox 797 2450 873 2477; x_wconf 85' lang='lat'>112</span> <span class='ocrx_word' id='word_1_232' title='bbox 902 2439 1042 2476; x_wconf 78' lang='lat' dir='ltr'>—4o‘-&#39;.</span> 
     </span>
    </p>

    <p class='ocr_par' dir='ltr' id='par_1_12' title="bbox 314 2503 1705 2557">
     <span class='ocr_line' id='line_1_34' title="bbox 314 2503 1705 2557; baseline -0.001 -16"><span class='ocrx_word' id='word_1_233' title='bbox 314 2503 652 2547; x_wconf 81' lang='lat' dir='ltr'>Membranaceus</span> <span class='ocrx_word' id='word_1_234' title='bbox 686 2507 730 2544; x_wconf 86' lang='lat' dir='ltr'>in</span> <span class='ocrx_word' id='word_1_235' title='bbox 765 2507 802 2544; x_wconf 83' lang='lat'>4.</span> <span class='ocrx_word' id='word_1_236' title='bbox 835 2511 1021 2544; x_wconf 82' lang='lat' dir='ltr'>constans</span> <span class='ocrx_word' id='word_1_237' title='bbox 1058 2505 1109 2557; x_wconf 87' lang='lat'>69</span> <span class='ocrx_word' id='word_1_238' title='bbox 1143 2503 1278 2552; x_wconf 83' lang='lat' dir='ltr'>soliis,</span> <span class='ocrx_word' id='word_1_239' title='bbox 1309 2503 1395 2542; x_wconf 89' lang='lat' dir='ltr'>XV</span> <span class='ocrx_word' id='word_1_240' title='bbox 1426 2517 1525 2541; x_wconf 77' lang='lat' dir='ltr'>saec,</span> <span class='ocrx_word' id='word_1_241' title='bbox 1558 2516 1705 2541; x_wconf 80' lang='lat' dir='ltr'>exara-</span> 
     </span>
    </p>

    <p class='ocr_par' dir='ltr' id='par_1_13' title="bbox 288 2570 1707 2625">
     <span class='ocr_line' id='line_1_35' title="bbox 288 2570 1707 2625; baseline 0.001 -17"><span class='ocrx_word' id='word_1_242' title='bbox 288 2577 403 2625; x_wconf 68' lang='lat' dir='ltr'>tus,</span> <span class='ocrx_word' id='word_1_243' title='bbox 441 2572 571 2609; x_wconf 82' lang='lat' dir='ltr'>nitide</span> <span class='ocrx_word' id='word_1_244' title='bbox 610 2579 650 2611; x_wconf 86' lang='lat' dir='ltr'>et</span> <span class='ocrx_word' id='word_1_245' title='bbox 685 2579 870 2612; x_wconf 75' lang='lat' dir='ltr'>accurato</span> <span class='ocrx_word' id='word_1_246' title='bbox 917 2575 1111 2625; x_wconf 84' lang='lat' dir='ltr'>scriptus,</span> <span class='ocrx_word' id='word_1_247' title='bbox 1152 2570 1224 2609; x_wconf 77' lang='lat' dir='ltr'>sed</span> <span class='ocrx_word' id='word_1_248' title='bbox 1265 2572 1362 2610; x_wconf 81' lang='lat' dir='ltr'>satis</span> <span class='ocrx_word' id='word_1_249' title='bbox 1404 2570 1532 2608; x_wconf 86' lang='lat' dir='ltr'>bonae</span> <span class='ocrx_word' id='word_1_250' title='bbox 1571 2576 1707 2609; x_wconf 64' lang='lat' dir='ltr'>notae:</span> 
     </span>
    </p>

    <p class='ocr_par' dir='ltr' id='par_1_14' title="bbox 312 2636 1704 2681">
     <span class='ocr_line' id='line_1_36' title="bbox 312 2636 1704 2681; baseline -0.001 -4"><span class='ocrx_word' id='word_1_251' title='bbox 312 2639 483 2678; x_wconf 83' lang='lat' dir='ltr'>Praeter</span> <span class='ocrx_word' id='word_1_252' title='bbox 516 2641 750 2681; x_wconf 84' lang='lat' dir='ltr'>Iuvenalem</span> <span class='ocrx_word' id='word_1_253' title='bbox 782 2643 964 2680; x_wconf 82' lang='lat' dir='ltr'>continet</span> <span class='ocrx_word' id='word_1_254' title='bbox 992 2641 1179 2679; x_wconf 83' lang='lat' dir='ltr'>Persium</span> <span class='ocrx_word' id='word_1_255' title='bbox 1213 2639 1257 2676; x_wconf 89' lang='lat' dir='ltr'>in</span> <span class='ocrx_word' id='word_1_256' title='bbox 1289 2653 1371 2676; x_wconf 87' lang='lat' dir='ltr'>uno</span> <span class='ocrx_word' id='word_1_257' title='bbox 1406 2637 1546 2676; x_wconf 85' lang='lat' dir='ltr'>codice</span> <span class='ocrx_word' id='word_1_258' title='bbox 1582 2636 1704 2676; x_wconf 79' lang='lat' dir='ltr'>char-</span> 
     </span>
    </p>

    <p class='ocr_par' dir='ltr' id='par_1_15' title="bbox 314 2707 1461 2758">
     <span class='ocr_line' id='line_1_37' title="bbox 314 2707 1461 2758; baseline 0 -13"><span class='ocrx_word' id='word_1_259' title='bbox 314 2713 431 2746; x_wconf 75' lang='lat' dir='ltr'>taceo</span> <span class='ocrx_word' id='word_1_260' title='bbox 461 2714 676 2747; x_wconf 84' lang='lat' dir='ltr'>constante</span> <span class='ocrx_word' id='word_1_261' title='bbox 718 2721 766 2748; x_wconf 89' lang='lat'>12</span> <span class='ocrx_word' id='word_1_262' title='bbox 797 2707 930 2758; x_wconf 87' lang='lat' dir='ltr'>soliis,</span> <span class='ocrx_word' id='word_1_263' title='bbox 961 2707 1068 2747; x_wconf 88' lang='lat' dir='ltr'>XIV</span> <span class='ocrx_word' id='word_1_264' title='bbox 1100 2721 1201 2746; x_wconf 81' lang='lat' dir='ltr'>saec.</span> <span class='ocrx_word' id='word_1_265' title='bbox 1237 2711 1461 2746; x_wconf 77' lang='lat' dir='ltr'>exaratum.</span> 
     </span>
    </p>
   </div>
  </div>
 </body>
</html>
