1759 3029
275 77 358 123 550
526 75 882 116 ExcvRsvs
944 77 1031 116 AD
1065 78 1198 119 SAT.
1228 80 1322 129 xv,
1346 81 1413 124 55.

277 192 466 242 Coptitae
487 190 677 243 religiose
700 193 887 232 colebant
908 193 1146 243 crocodilos,
1161 209 1260 247 quos
1275 196 1515 246 Tentyritae
1537 209 1655 234 aver-

274 261 466 298 sabantur
491 266 531 296 et
549 263 907 313 persequebantur.
931 276 968 299 v.
993 275 1078 314 sup.
1100 263 1149 300 ad
1173 277 1209 300 v.
1226 275 1262 300 2.
1287 264 1329 301 in
1345 263 1500 301 Comm.
1542 264 1654 300 Hinc

274 328 422 378 Coptos
445 327 484 365 h.
506 328 530 366 I.
551 328 774 380 'legendum
802 343 889 367 esse
920 344 995 381 pro
1026 331 1171 368 Ombos
1195 338 1307 368 recte
1333 331 1524 382 suspicati
1559 337 1654 367 sunt

271 395 320 432 de
346 398 493 440 Pauus,
521 395 801 445 (Reeherches
826 396 1160 450 philosophiques
1192 413 1262 436 sur
1283 400 1341 436 les
1364 399 1585 449 Egyptiens
1613 402 1654 434 et

269 463 328 500 les
351 462 519 501 Chiuois
541 464 588 501 T.
611 462 657 501 ΙΙ.
676 478 714 516 p.
744 460 852 518 160.)
879 472 920 502 et
948 468 1028 503 viri
1052 466 1172 513 docti,
1209 481 1232 503 a
1251 467 1440 503 Dusaulx
1461 466 1651 509 consulti,

271 531 531 581 Barllze'lemy
556 538 596 568 et
617 532 810 569 Larclzer.
872 534 965 583 Qua
984 535 1162 571 lectione
1192 540 1358 585 recepta
1381 533 1653 584 dispelluntur

268 599 474 646 tenebrae,
509 605 597 637 tum
623 600 807 637 versibus
829 603 894 638 28.
930 602 995 638 33.
1024 607 1064 638 et
1095 602 1173 648 35„
1203 607 1292 638 tum
1322 603 1400 638 toti
1423 602 1567 637 satirae
1596 601 1650 637 li-

267 665 500 704 brariorum
528 667 687 704 incuria
717 667 879 705 offusae.
941 667 1095 705 Eadem
1126 667 1311 704 firmatur
1338 669 1406 714 iis,
1457 682 1559 718 quae
1600 667 1651 704 (le

268 734 425 784 origine
455 735 604 771 erroris
630 734 839 772 adnotavit
866 734 1112 772 Achaintre:
1171 734 1462 782 „Probabilior
1487 734 1650 771 videbi-

264 807 337 838 tur
366 803 538 839 mutatio
573 803 685 839 vocis
726 803 874 852 Coptos
902 802 945 839 in
977 802 1157 845 Combos,
1201 799 1327 852 (quod
1363 802 1406 838 in
1444 801 1651 852 plerisque

264 868 384 906 MSS.
416 875 456 906 et
486 869 602 906 editt.
632 866 801 923 legitur)
833 883 952 920 quam
993 870 1139 907 Ombos
1168 869 1210 905 in
1243 869 1434 906 Combos:
1487 869 1648 906 facilius

265 943 326 974 est
353 938 461 975 enim
491 950 612 973 unam
645 937 865 973 alteramve
888 937 1051 976 literam
1084 934 1143 989 (in
1164 936 1297 974 media
1325 938 1447 985 voce)
1474 943 1647 980 mutare,

263 1017 382 1055 quam
412 1005 573 1041 literam
602 1004 801 1041 initialem
832 1005 925 1041 voci
955 1005 1125 1042 cuilibet
1150 1003 1298 1041 addere
1323 1010 1392 1040 aut
1421 1004 1648 1041 detrahere.

261 1072 427 1109 Vitioso
463 1078 598 1108 autem
636 1073 749 1109 vocis
787 1086 886 1110 sono
913 1086 988 1123 per
1024 1071 1182 1109 saecula
1219 1071 1295 1109 IX.
1324 1077 1364 1107 et
1391 1072 1444 1108 X.
1467 1071 1587 1108 litera
1607 1086 1646 1108 m

260 1139 391 1178 multa
413 1140 455 1176 in
476 1140 654 1185 nomina,
678 1140 803 1178 verba
828 1147 867 1177 et
891 1140 1111 1176 adiectivos
1132 1139 1309 1189 irrepsit.
1367 1139 1468 1176 Inde
1494 1153 1547 1176 ex
1569 1140 1647 1176 Co-

254 1215 351 1257 ptos
371 1207 524 1244 sactum
547 1208 689 1256 Copos,
720 1213 767 1244 ut
802 1207 884 1244 sert
913 1207 1005 1243 Pm.
1041 1206 1183 1254 codex,
1219 1219 1273 1243 ex
1305 1220 1352 1243 eo
1391 1207 1572 1257 Compos,
1595 1220 1649 1245 ex

260 1273 340 1311 hoc
366 1275 544 1321 Omnbus,
585 1274 770 1318 Cmnbos,
809 1273 994 1318 Cambos,
1029 1274 1241 1311 Combros:
1302 1273 1373 1312 sed
1408 1275 1500 1326 quia
1524 1275 1646 1326 paulo

260 1341 527 1392 sapientiores
554 1341 680 1392 aliqui
705 1348 919 1389 noverant,
955 1340 1103 1392 oppida
1123 1340 1272 1379 horum
1301 1342 1511 1379 nominum
1533 1343 1646 1380 nulla

260 1422 347 1445 esse
366 1409 408 1445 in
431 1408 630 1458 Aegypto,
652 1408 788 1446 demta
805 1409 925 1445 litera
946 1425 979 1452 c,
1004 1408 1201 1447 dixerunt
1224 1409 1413 1446 Ombosf‘
1458 1409 1552 1446 Huc
1574 1424 1643 1446 ac-

257 1475 378 1519 cedit,
405 1475 514 1527 quod
533 1476 693 1513 librarii
724 1475 867 1513 eodem
901 1475 1022 1512 modo
1046 1489 1190 1512 vocem
1221 1476 1341 1526 Copta·
1368 1483 1645 1527 corruperunt

255 1556 294 1581 V.
322 1545 386 1580 28.
411 1549 451 1579 et
484 1543 786 1580 substituerunt
817 1542 958 1579 (lumbi
989 1548 1029 1579 et
1056 1543 1241 1592 Compti;
1291 1548 1338 1578 ut.
1362 1550 1504 1580 contra
1525 1540 1644 1595 Κόμ-

254 1616 327 1662 βοι
352 1624 427 1661 pro
444 1606 603 1661 ”Ομβοι
623 1624 683 1660 ap.
706 1610 811 1647 Ptol.
837 1609 911 1657 IV,
939 1610 976 1649 5.
1005 1609 1092 1657 (alii
1114 1607 1313 1662 ”Ομβροι,
1341 1616 1382 1648 et
1418 1625 1477 1662 ap.
1501 1611 1641 1663 steph.

254 1678 352 1728 Byz.
379 1674 541 1729 ''Olli-'00
572 1678 615 1714 iu
639 1677 770 1714 Notit.
795 1677 896 1727 Imp.
919 1676 1040 1714 Rom.
1063 1691 1091 1714 S.
1117 1690 1183 1718 20.
1205 1679 1373 1726 Ambo.)
1404 1678 1470 1716 Ne
1504 1685 1641 1718 tamen

253 1744 518 1791 dissimulem,
542 1743 651 1795 quod
672 1745 788 1781 nobis
813 1744 973 1781 obverti
994 1745 1135 1795 possit,
1158 1745 1265 1782 idem
1292 1746 1487 1796 oppidum
1511 1761 1549 1785 v.
1574 1749 1640 1785 28.

252 1819 427 1851 vocatur
453 1813 618 1862 Copais,
667 1817 707 1848 et
738 1811 871 1848 forma
903 1825 1010 1849 nom.
1047 1812 1154 1862 plur.
1195 1826 1278 1849 non
1313 1813 1408 1849 alibi
1445 1817 1636 1854 occurrit.

252 1880 478 1918 Enimvero
511 1878 611 1915 haec
643 1877 857 1915 difficultas
892 1892 975 1916 non
1006 1879 1110 1916 tanti
1143 1884 1225 1926 est,
1263 1880 1403 1930 quanti
1432 1883 1639 1920 nonnullis

252 1947 386 1985 videri
421 1946 562 1997 possit,
596 1951 637 1982 et
667 1946 882 1982 innumera
912 1945 1033 1983 huius
1069 1947 1131 1983 rei
1154 1946 1340 1996 exempla
1370 1948 1518 1996 passim
1541 1955 1637 1986 sunt

249 2015 382 2053 obvia.
443 2012 624 2051 Sufficiat
652 2026 780 2050 unum
815 2026 1069 2059 memorasse,
1099 2027 1153 2050 ex
1185 2014 1275 2063 ipso
1307 2011 1345 2048 h.
1377 2013 1401 2049 l.
1436 2015 1637 2064 petitum:

249 2095 343 2119 nani
364 2087 405 2118 et
430 2082 606 2130 Tentyra
625 2080 668 2117 in
687 2080 793 2131 plur.
815 2093 925 2117 num.
949 2093 1068 2118 nemo
1089 2079 1227 2118 forsan
1251 2079 1358 2117 dixit
1380 2088 1544 2132 praeter
1564 2081 1634 2120 Iu-

249 2148 446 2189 venalem.
