1759 3029
311 147 736 192 EDITIONVM
773 149 1178 193 IVVENALIS
1256 172 1259 174 ·
1324 165 1462 194 cmxxx

82 267 172 320 quis
208 266 462 304 enumerabit
478 266 497 303 '?
537 266 630 304 Scio
656 266 758 304 taJes
778 272 941 306 exstare
956 267 1069 320 Aug.
1092 267 1307 307 Buchneri
1327 275 1369 307 et
1389 270 1469 307 ali·

77 349 208 372 orum.
276 334 357 382 Qui
391 334 549 371 cirratis
588 333 697 371 hunc
743 333 909 372 Poetam
953 334 998 372 in
1038 335 1163 373 trivio
1214 338 1467 389 praelegunt,

79 402 213 439 solent
239 407 280 438 et
311 401 370 438 illi
393 401 545 453 aliquid
571 401 619 438 ad
644 415 735 439 eum
751 401 942 450 allincre,
973 408 1015 439 et
1031 402 1128 440 talia
1152 403 1239 440 vidi
1260 404 1359 442 Ant.
1381 405 1469 442 Ae-

77 469 188 506 milii
222 469 428 520 quaedam.
497 469 635 506 Taceo
659 469 882 521 superioris
912 471 1051 507 aetatis
1080 470 1338 509 Glossatores
1370 472 1470 510 7310—

73 534 282 572 nachiscos
295 566 306 583 ‚
345 536 482 588 quales
517 536 800 587 Philippmus
812 564 826 581 ,
855 538 1066 589 Blagister
1086 538 1304 575 Martinus
1328 545 1366 576 et
1388 540 1469 587 alii,

76 602 168 653 qni,
214 609 258 639 ut
288 603 434 649 credo,
463 604 506 642 in
539 605 709 656 privatis
734 603 1002 656 quorumdam
1027 604 1315 652 Bibliothecis‚
1349 621 1470 658 prae—

74 670 195 720 cipue
227 670 398 719 Italicis,
434 673 574 710 latent.
642 672 765 710 Nunc
797 679 956 710 tantum
984 674 1231 711 enumerabo
1256 674 1370 721 illos,
1401 676 1471 725 qui

75 737 326 776 Publhanda
348 739 390 776 in
413 739 659 792 Aquinatem
674 746 770 778 sunt
782 741 929 779 moliti.
963 741 995 778 I.
1027 740 1287 778 CASPAR
1316 741 1472 778 BAR-

77 804 199 842 ΤΗ]
218 807 257 843 V
272 807 321 854 S,
365 807 473 858 quod
504 808 594 859 ipse
614 809 739 845 variis
760 808 804 845 in
827 808 928 846 locis
953 823 1120 846 suorum
1142 821 1315 860 operum
1341 815 1472 846 testa·

74 876 165 917 tur,
197 873 387 925 quodque
408 875 654 925 inteHigitur
670 889 724 914 ex
744 877 912 914 Daumii
935 876 1067 928 Epist.
1092 876 1210 915 XVI.
1233 876 1282 913 ad
1306 876 1472 913 Reines.

74 952 114 991 p.
152 953 203 977 m.
234 942 303 978 52.
383 941 436 978 II.
479 942 782 981 ISAACVS
828 943 1324 987 CASAVBONVS‚
1362 941 1474 994 quod

74 1014 187 1059 pffet
223 1022 305 1046 non
349 1010 481 1047 solum
514 1023 568 1047 ex
606 1012 767 1049 iteratis
792 1012 951 1050 Barthii
981 1012 1164 1058 indiciis,
1196 1009 1250 1062 (v.
1271 1010 1321 1047 ad
1345 1010 1473 1047 Clau-

77 1072 183 1112 dian.
208 1082 249 1112 et
284 1077 456 1114 Advers.
492 1076 545 1121 L,
572 1073 629 1131 9.)
658 1080 728 1117 sed
760 1085 801 1117 et
823 1080 1025 1131 exipsius
1051 1077 1279 1116 Casauboni
1300 1077 1475 1129 Episto-

75 1141 125 1179 lis
172 1156 259 1182 112.
293 1144 388 1183 260.
427 1151 470 1182 et
503 1145 598 1184 266.
629 1160 668 1199 p.
701 1149 794 1186 244.
818 1153 859 1184 et
888 1145 981 1186 304.
1008 1146 1119 1183 Edit.
1150 1146 1299 1182 Graev.
1321 1145 1474 1182 Latent

74 1207 200 1247 hodie
232 1212 317 1248 eius
346 1211 480 1251 Notae
510 1214 554 1252 in
574 1213 772 1252 Biblioth.
795 1214 918 1264 Regis
939 1214 1109 1263 Angliae
1124 1243 1133 1260 ,
1169 1226 1270 1264 quae
1291 1212 1476 1251 Londini

76 1284 150 1315 est.
220 1278 295 1317 ΠΙ.
335 1280 806 1320 EBERHARDVS
847 1279 1245 1319 ELMENHOR
1263 1280 1473 1328 STIVS‚

75 1350 123 1381 ut
157 1359 210 1383 ex
243 1346 414 1386 laudatis
446 1349 676 1388 casauboni
696 1349 894 1400 Epistolis
916 1354 1093 1400 apparet.
1155 1347 1226 1384 IV.
1258 1346 1296 1384 O
1313 1346 1473 1384 CTA-

74 1411 237 1450 VIVS
293 1415 717 1465 FERRARI‘VS,
765 1423 814 1454 ut
855 1416 1013 1454 fatetur
1053 1414 1186 1451 Elect.
1217 1413 1280 1461 II,
1316 1415 1376 1452 14.
1421 1415 1472 1450 V.

75 1477 361 1521 THOMAS
416 1484 599 1522 GALE
632 1483 807 1535 Anglus,
849 1483 941 1535 qui,
979 1487 1028 1518 ut
1068 1481 1211 1529 audio,
1247 1480 1473 1519 meditatur

77 1553 193 1584 notas
227 1549 268 1586 in
295 1549 405 1589 hunc
438 1552 621 1590 Poetam.
653 1551 727 1588 VI.
754 1551 786 1588 P
800 1550 835 1587 E
847 1549 935 1587 AR
949 1549 975 1586 S
988 1548 1026 1586 O
1039 1548 1081 1586 N
1095 1548 1115 1587 I
1129 1549 1169 1587 V
1182 1549 1225 1598 S,
1248 1548 1339 1586 ICti
1362 1549 1475 1587 cele-

76 1612 247 1653 beri-imi
266 1623 308 1654 et
331 1617 556 1657 doctissimi
579 1618 776 1670 Episcopi
797 1618 925 1655 frater
940 1645 951 1664 ‚
987 1616 1103 1653 cuius
1133 1615 1475 1655 Animadversio-

75 1693 147 1718 nes
184 1683 227 1719 in
268 1683 377 1721 hunc
408 1691 593 1736 poetam,
627 1690 674 1721 ut
715 1685 848 1732 aiunt,
886 1684 1016 1721 latent
1064 1682 1173 1733 apud
1207 1682 1472 1722 Standlaeum

75 1746 270 1787 Londini.
335 1752 431 1790 VII.
478 1751 621 1789 HAD
634 1750 896 1789 RIANVS
945 1751 1033 1788 VA
1046 1750 1085 1788 L
1098 1749 1133 1787 E
1146 1749 1172 1787 S
1186 1749 1296 1788 IVS
1309 1779 1321 1799 ,
1358 1752 1475 1789 cuius

76 1821 193 1852 notas
217 1817 324 1868 apud
344 1819 487 1869 Aegid.
510 1819 748 1869 Menagium
783 1823 947 1856 exstare
969 1816 1103 1854 audio.
1115 1817 1139 1837 “

188 1883 359 1923 Praeter
380 1899 447 1923 eos
460 1914 471 1935 ,
496 1900 598 1938 quos
620 1885 852 1924 Henninius
874 1883 1077 1932 laudavit,
1119 1884 1325 1923 Iuvenalis
1348 1885 1472 1923 editi-

78 1963 197 1988 onem
230 1960 451 2003 pararunt:
505 1953 623 1992 VHI.
662 1952 684 1991 I
695 1952 745 1990 O.
785 1952 819 1989 B
832 1953 873 1990 V
886 1949 927 2004 I}
938 1950 981 1989 D
996 1949 1032 1989 E
1046 1951 1084 1989 L
1098 1950 1136 1990 Ο
1147 1952 1184 1990 Τ
1195 1952 1265 1990 IV
1278 1954 1304 1990 S
1317 1982 1328 2002 ‚
1358 1954 1475 1990 cuius

76 2023 117 2054 et
143 2019 280 2057 Hadr.
321 2022 487 2061 Vale-sii
515 2027 633 2059 notas
657 2020 708 2058 ad
729 2018 964 2058 Iuvenalem
999 2025 1042 2059 et
1059 2019 1249 2058 Persium
1275 2021 1319 2057 in
1340 2020 1476 2059 lucem

77 2085 311 2135 prodituras
335 2087 502 2127 Parisiis
529 2089 696 2141 scripsit
717 2088 797 2127 Iac.
820 2086 1054 2126 Rex-nardus
1078 2087 1121 2124 in
1146 2086 1333 2125 Novellis
1354 2087 1473 2138 Reip.

76 2151 280 2192 literariae
308 2169 343 2192 a·
373 2168 490 2204 1700.
527 2157 577 2194 T.
606 2156 640 2198 Ι.
676 2170 714 2207 p.
749 2156 845 2205 357.
901 2154 979 2193 IX.
1015 2153 1078 2192 1A
1094 2153 1141 2192 C.
1190 2151 1285 2193 ΤΗ
1307 2153 1474 2191 OMA-

77 2219 252 2269 sIVS,
299 2236 323 2259 a
355 2237 434 2274 quo
464 2229 576 2262 certe
614 2223 852 2262 Iuvenalem
883 2236 976 2260 cum
1011 2221 1101 2260 cod.
1134 2221 1224 2260 MS.
1259 2226 1302 2258 et
1330 2226 1476 2258 vetere

79 2287 258 2326 editione
281 2289 474 2328 collatum
501 2305 610 2339 esse,
636 2291 807 2329 tradunt
825 2296 1012 2329 auctores
1033 2288 1356 2341 Ephemeridum
1376 2289 1477 2326 liae-

74 2355 274 2393 rariarum
291 2386 302 2405 ,
332 2371 435 2408 quae
463 2357 708 2396 Germanice
740 2357 877 2395 editae
900 2363 999 2395 sunt
1023 2357 1137 2409 Lips.
1165 2365 1284 2405 1710.
1312 2369 1350 2406 p.
1377 2355 1471 2400 603,

75 2421 131 2458 X.
175 2422 227 2459 D.
257 2423 761 2465 CHRISTIANVSV
783 2423 1110 2472 REITZER,
1139 2423 1271 2475 quiin
1290 2423 1472 2463 animum

76 2488 317 2538 induxerat,
357 2492 593 2534 Iuvenalem
621 2506 838 2532 recensere
877 2492 927 2530 ad
960 2491 1084 2529 fidem
1113 2487 1234 2531 codd.
1279 2488 1398 2528 MSS.
1431 2494 1474 2529 et

76 2557 255 2595 Hasniae
288 2572 379 2597 cum
428 2561 538 2601 notis
576 2559 709 2600 edere.
774 2554 854 2599 XI.
893 2558 977 2597 10.
1019 2555 1278 2596 GOTTL.
1319 2557 1396 2595 SA
1411 2556 1472 2596 M.

77 2624 103 2661 S
120 2624 152 2660 C
168 2625 325 2663 HWA
337 2626 371 2663 B
384 2626 418 2664 E
432 2656 444 2675 ‚
473 2627 616 2669 doctus
634 2625 809 2668 Phaedri
838 2626 971 2665 editor
984 2631 1026 2663 et
1049 2623 1220 2663 Scholae
1234 2624 1475 2679 olimbButt—

77 2692 291 2731 stadicnsis
323 2693 500 2745 Rect0r‚
536 2709 646 2735 nune
681 2695 897 2749 Gymnasii
939 2692 1195 2732 vinariensis
1231 2690 1473 2740 coni-ector,
